1621 2522
687 324 850 367 LIBER
881 323 1080 366 PRIMUS

386 913 562 983 Virginei
583 946 695 980 Partus,
716 952 882 983 magnoque
903 953 1050 983 aequaeva
1072 945 1187 975 Parenti

387 1009 558 1046 Progenies,
580 1017 699 1047 superas
720 1008 793 1038 coeli
814 1016 888 1047 quae
909 1008 995 1037 missa
1016 1015 1069 1046 per
1090 1015 1173 1037 auras

387 1071 548 1109 Antiquam
570 1071 687 1109 generis
708 1070 803 1101 labem
824 1070 994 1100 mortalibus
1015 1070 1111 1108 aegris

387 1134 498 1170 Abluit‚
521 1135 722 1172 obstructique
743 1134 821 1163 viam
843 1133 979 1172 patefecit
1000 1131 1120 1170 olympi,

387 1196 431 1227 Sit
452 1197 536 1232 mihi,
559 1196 734 1232 Coelicolae‚
758 1196 869 1234 primus
890 1195 988 1226 labor:
1013 1195 1068 1225 hoo
1088 1194 1162 1225 mihi
1182 1194 1311 1233 primum

387 1260 494 1298 Surgat
516 1268 598 1298 opus.
623 1260 682 1290 Vos
705 1259 816 1290 auditas
838 1259 873 1289 ab
894 1258 1009 1296 origine
1030 1266 1153 1293 caussa&

386 1323 423 1353 Et
444 1324 516 1353 tanti
536 1323 655 1357 seriem,
678 1323 701 1352 si
723 1322 775 1358 fas,
798 1322 928 1352 evolvite
950 1321 1024 1351 facti.

467 1386 527 1416 Neo
548 1386 657 1420 minus,
681 1393 697 1415 ο
719 1385 829 1419 Musae,
852 1387 953 1414 vatum
975 1383 1076 1418 decus,
1101 1382 1148 1412 hic
1170 1390 1224 1420 ego
1245 1384 1357 1412 vestros

386 1449 516 1487 Optarim
538 1449 644 1484 fontes,
666 1451 777 1478 vestras
799 1455 921 1477 nemora
942 1447 1030 1476 ardua
1054 1454 1158 1484 rupes:

385 1511 626 1550 Quandoquidem
650 1520 743 1549 genus
764 1521 780 1541 e
802 1510 881 1541 coelo
904 1509 1066 1540 deducitis:
1091 1512 1119 1539 et
1140 1516 1191 1538 vos

386 1574 557 1611 Virginitas,
579 1577 754 1612 sanctaeque
778 1574 858 1603 iuvat
878 1572 1044 1603 reverentia
1066 1571 1168 1601 famae.

385 1637 444 1667 Vos
466 1637 568 1674 igitur,
590 1646 642 1667 seu
665 1645 733 1667 cura
755 1636 826 1674 poli,
848 1644 900 1665 seu
922 1634 1052 1672 Virginis
1074 1634 1160 1664 huius

385 1699 489 1738 Tangit
511 1699 615 1734 1101105,
638 1701 801 1728 monstrate
823 1699 911 1733 viam,
935 1706 991 1736 qua
1012 1696 1112 1728 nubila
1134 1696 1266 1726 vincam:

385 1763 422 1792 Et
444 1770 562 1793 mecum
584 1762 719 1792 immensi
740 1764 839 1800 portas
860 1760 1002 1791 recludite
1024 1760 1113 1790 coeli:

384 1826 486 1864 Magna
507 1825 639 1864 quidem,
662 1832 778 1862 magna,
801 1822 942 1859 Aonides,
964 1822 1015 1853 sed
1037 1822 1135 1853 debita
1158 1831 1255 1861 posco,

385 1888 445 1918 Nec.
466 1887 548 1917 vobis
571 1887 687 1924 ignota:
711 1885 823 1916 etenim
845 1885 979 1924 potuistis
1001 1887 1030 1915 et
1051 1888 1168 1915 antrum

385 1950 556 1989 Adspicere,
579 1953 608 1980 et
629 1950 766 1979 choreasz
791 1957 845 1979 nec
867 1957 919 1978 vos
942 1948 1066 1978 orientia
1087 1946 1169 1978 coelo

385 2012 485 2050 Signa,
507 2021 562 2043 nec
583 2012 658 2042 Eoos
682 2011 776 2049 Reges
798 2010 915 2041 latuisse
937 2009 1101 2049 putandum
1123 2012 1177 2040 est.
