1621 2522
819 147 861 154 .-.
885 130 926 162 50
950 147 993 153 .-

405 208 483 238 Rura
504 207 611 237 domat:
629 207 810 245 quicumque
832 207 906 240 tuas,
928 201 1109 241 Pamphylia,
1125 201 1221 231 silvas:

406 277 520 315 Quique
542 276 730 315 Lycaoniam,
748 274 842 305 felicia
864 274 976 311 iugera:
994 272 1104 311 quique

404 344 577 374 Flaventem
600 343 698 373 curvis
720 342 841 380 Lyciam
863 339 1029 379 perrumpit
1051 339 1163 368 aratris.

405 412 464 441 Iam
485 411 554 440 clari
577 410 653 440 hello
675 409 811 447 Leleges,
824 407 985 447 populique
1006 404 1164 445 propinqui

406 479 483 510 Iussa
505 479 625 508 obeunt:
644 485 717 515 gens
738 483 873 515 quaeque
894 483 947 505 suo
970 473 1019 503 dat
1040 473 1160 502 nomina
1182 472 1250 501 ritu.

407 546 460 583 Qui
483 546 640 581 Ceramon,
658 545 864 582 bimaremque
887 541 1015 572 Gnidon:
1034 540 1144 579 quique
1166 539 1221 568 alta
1242 540 1364 568 tuentur

409 615 535 650 Moenia,
552 613 698 652 dispositis
718 612 769 643 ubi
790 612 984 648 circumsepta
1008 608 1152 639 columnis

411 682 497 712 Tollit
517 690 548 712 se
570 681 650 712 nivei
671 680 764 710 moles
785 686 907 717 operosa
929 675 1091 716 sepulchri,

410 751 536 780 Barbara
557 757 645 788 quam
667 751 750 786 rapto
772 747 870 786 posuit
892 745 1005 782 Regina
1026 744 1143 774 marito.

412 820 448 849 Et
469 826 542 856 quos
565 815 714 846 Maeandri
737 815 823 844 toties
845 813 967 843 ludente
987 818 1110 842 recursu

413 886 495 917 Unda
517 886 605 923 rigat,
622 885 699 922 rigat
720 884 781 922 ipse
802 891 855 913 suo
877 890 948 912 mox
970 888 1055 910 amne
1079 879 1214 918 Cayster,

411 955 543 984 Herboso
565 953 669 983 niveos
690 950 761 980 dum
782 950 917 987 margine
938 948 1029 987 pascit
1047 946 1152 977 olores.

412 1021 549 1059 Quosque
570 1017 753 1048 metalliferis
775 1016 897 1045 veniens
919 1012 1054 1044 Pactolus
1076 1012 1110 1042 ah
1133 1010 1224 1041 antris

415 1087 539 1119 Circuit:
557 1089 586 1116 et
607 1085 693 1115 rutila
715 1092 775 1113 non
797 1082 912 1121 parcior
933 1080 1060 1110 Hermus
1081 1086 1180 1108 arena.

415 1156 566 1194 Mysorum
587 1160 690 1183 manus
711 1150 817 1181 omnis:
835 1148 1064 1188 Apollineaeque
1080 1144 1234 1175 Celaenae:

415 1223 533 1261 Idaque,
552 1220 778 1256 Rhoetaeaeque
800 1225 891 1251 arces,
907 1214 1112 1252 celebrataque
1134 1211 1224 1242 Musis

416 1291 569 1326 Pergama,
585 1287 783 1324 Sigaeumque
804 1283 919 1320 iugum,
936 1279 1079 1311 Priameia
1100 1278 1249 1317 quondam

416 1357 518 1392 Regna
539 1352 639 1386 armis,
656 1350 850 1386 ducibusque,
866 1346 976 1377 ducum
997 1353 1074 1375 nunc
1097 1346 1165 1374 nota
1185 1343 1338 1382 sepulcris.

417 1421 496 1457 Quae
517 1421 616 1453 nauta,
633 1418 791 1454 angustum
813 1413 884 1444 dum
905 1411 1047 1451 praeterit
1068 1409 1304 1447 Hellespontum,

417 1485 581 1517 Ostendens
602 1483 700 1513 sociis:
718 1481 784 1515 hoc,
807 1478 913 1517 inquit,
936 1478 1022 1507 litore
1045 1476 1149 1506 [lentes

420 1550 562 1581 Nereides
582 1548 736 1581 steterant,
752 1544 843 1584 passis
865 1550 958 1582 quum
979 1544 1090 1571 moesta
1112 1539 1222 1578 capillis

420 1620 482 1658 Ipsa
502 1625 588 1647 suum
612 1615 648 1645 de
669 1595 752 1644 more
774 1611 876 1642 Thetis
898 1611 1038 1640 clamaret
1060 1607 1218 1637 Achillem.

422 1687 471 1716 His
492 1689 520 1715 et
542 1684 685 1722 Bithynae
707 1682 820 1716 classes,
838 1684 867 1710 et
887 1678 1006 1709 Pontica
1027 1678 1084 1707 late

422 1754 547 1785 Adcedit
566 1753 660 1790 regie.
678 1752 763 1781 Paret
784 1748 936 1787 scopulosa
960 1746 1123 1778 Carambis:

424 1823 548 1856 Parendi
570 1821 666 1852 studio
688 1820 783 1851 fervet
803 1818 890 1848 simul
912 1817 967 1847 alta
988 1816 1108 1854 Sinope:

424 1896 531 1926 Fervet
553 1893 650 1931 Halys:
669 1891 779 1930 quique
801 1888 953 1919 immensis
974 1885 1076 1926 procul
1099 1884 1233 1915 amnibus
1256 1885 1356 1914 auctus

426 1963 633 2003 Cappadocum
654 1960 767 1991 medios
788 1958 910 1998 populos
932 1955 1114 1986 discriminat
1134 1954 1197 1984 Iris:

426 2032 704 2070 Thermodoonque,
721 2029 908 2067 Halihesque,
921 2026 1086 2064 adtritaque
1106 2033 1173 2055 saxa
1195 2022 1382 2054 Prometheo.
