1621 2522
871 176 914 182 -..
939 158 978 189 54
1007 174 1043 182 .-

458 229 549 261 Gallia
572 229 721 260 Caesareis
743 229 825 259 Latio
848 228 967 266 dignata
991 227 1156 266 triumphis:

458 292 550 329 Quam
572 293 743 328 Rhodanus,
759 299 848 331 quam
870 291 956 322 findit
977 291 1061 327 Arar,
1078 299 1167 330 quam
1184 293 1317 328 permeat
1333 290 1437 328 ingens

457 355 603 395 Sequana,
619 356 790 395 piscosoque
811 354 946 385 interluit
967 363 1055 384 amne
1078 354 1236 384 Garumna.

458 420 533 450 Tum
553 428 624 458 quas
646 418 778 457 piniferis
799 421 903 456 gentes
924 420 1083 456 praerupta
1104 416 1221 454 Pyrene

458 482 591 521 Rupibus
613 481 770 512 Herculeas
793 483 960 520 prospectat
981 480 1016 510 ad
1038 487 1132 518 usque
1153 478 1314 512 columnas,

460 545 548 582 Cogit
567 544 657 580 Anas,
675 545 753 583 cogit
774 544 837 582 ripa
859 544 1004 574 formosus
1025 545 1150 580 utraque

460 608 563 644 Duria,
588 611 617 639 et
639 608 748 639 albenti
770 607 865 638 Baetis
887 606 1070 645 praecinctus
1092 604 1180 640 oliva,

459 670 660 710 Auratamque
682 671 778 708 Tagus
798 669 922 700 volvens
943 668 997 699 sub
1020 667 1137 706 gurgite
1159 673 1289 701 arenam,

460 733 575 773 Quique
596 743 650 765 suo
673 738 766 764 terras
788 733 911 771 insignit
932 731 1054 763 nomine
1076 731 1188 761 iberus.

460 797 546 828 Parte
568 796 622 827 alia
643 799 737 827 vastas
759 796 959 826 circumvocat
980 794 1077 824 Africa
1099 794 1188 824 vires:

461 860 570 896 Getuli‚
584 860 737 899 Maurique
759 859 848 890 duces
869 860 1014 890 rimantur
1036 857 1118 897 opaci

460 924 586 954 Atlantis
608 931 741 959 nemora,
755 926 784 953 et
806 922 937 961 dispersa
958 920 1081 959 mapalia
1102 919 1194 950 silvis.

462 987 607 1018 Scribitur
629 990 658 1017 et
679 986 779 1016 vacuis
801 989 834 1016 ut
856 984 981 1024 quisque
1003 984 1142 1014 inventus
1165 982 1262 1012 arenis

462 1050 522 1081 Seu
544 1053 653 1089 pastor,
668 1058 720 1080 seu
741 1048 900 1079 subcinctis
921 1049 1046 1078 venator
1066 1047 1096 1076 in
1118 1046 1206 1076 armis

463 1114 629 1144 Observans
650 1121 753 1143 saevos
775 1112 919 1142 latebrosa
941 1111 976 1141 ad
998 1113 1101 1148 tesqua
1122 1109 1232 1139 leones.

463 1176 623 1215 Massylum
644 1175 826 1214 quicumque
847 1173 961 1209 domos,
977 1172 1158 1211 quicumque
1180 1173 1311 1208 repostos

464 1239 661 1278 Hesperidum
682 1238 772 1273 lucos,
789 1237 963 1274 munitaque
985 1235 1137 1265 montibus
1158 1242 1237 1263 arva.

464 1302 578 1337 Incolit,
595 1305 624 1332 et
645 1301 732 1332 ramis
754 1300 887 1331 nativum
909 1298 1022 1330 decutit
1043 1305 1159 1328 aurum:

465 1366 503 1396 Et
523 1365 573 1404 qui
596 1367 746 1395 vertentes
768 1362 906 1393 immania
928 1370 995 1392 saxa
1017 1361 1159 1391 iuvencos

465 1428 571 1458 Flectit
592 1436 687 1463 arans,
704 1435 761 1466 qua
783 1426 916 1456 devictae
939 1424 1124 1462 Carthaginis
1146 1431 1227 1453 arces

466 1492 666 1525 Procubuere,
681 1490 836 1527 iacentque
858 1488 983 1519 infausto
1005 1487 1035 1517 in
1057 1486 1143 1516 litore
1166 1489 1261 1516 turres

466 1555 606 1585 Eversae.
623 1553 772 1589 Quantum
792 1551 840 1581 illa
861 1553 969 1586 metus,
986 1553 1130 1588 quantum
1152 1548 1199 1578 illa
1221 1547 1355 1578 laborum

467 1617 543 1647 Urbs
564 1616 646 1647 dedit
666 1615 809 1646 insultans
831 1614 925 1650 Latio,
942 1616 971 1644 et
991 1611 1187 1643 Laurentibus
1209 1610 1300 1640 arvis!

467 1680 552 1711 Nunc
574 1679 682 1718 passim
704 1679 755 1708 vix
776 1677 938 1716 relliquias,
954 1676 1005 1706 vix
1026 1675 1145 1705 nomina
1166 1680 1298 1708 servans,

467 1743 611 1774 Obruitur
632 1741 760 1781 propriis
780 1750 839 1772 non
861 1739 1043 1778 agnoscenda
1064 1737 1169 1769 ruinis.

467 1806 505 1836 Et
525 1804 681 1844 querimur
702 1812 795 1842 genus
818 1802 922 1833 infelix
944 1802 1072 1832 humana
1092 1799 1190 1830 labare

469 1868 600 1899 Membra
622 1875 705 1898 aevo:
720 1873 813 1905 quum
835 1873 926 1903 regna
948 1864 1043 1903 palam
1064 1862 1230 1893 moriantur
1252 1864 1281 1891 et
1302 1860 1400 1891 urbes.

467 1931 587 1970 Iamque
609 1930 702 1961 Macas
723 1930 803 1960 idem
825 1928 912 1959 ardor
933 1928 1032 1958 habet:
1050 1934 1160 1957 venere
1181 1924 1314 1955 volentes

470 1993 600 2024 Barcaei:
616 2001 729 2024 venere
749 1992 808 2023 suis
830 1991 1009 2022 Nasamones
1030 1989 1065 2020 ab
1088 1988 1175 2019 arvis:

470 2056 641 2095 Navifragas
662 2056 714 2095 qui
736 2063 789 2094 per
809 2054 923 2093 Syrtes.
939 2052 1089 2096 infidaque
1111 2052 1222 2082 circum
