1621 2522
810 161 853 167 -
877 144 917 174 42
945 158 981 165 -

401 225 608 261 Pallentesque
628 228 717 255 rosas,
739 225 793 248 nec
812 216 872 254 jam
892 216 1020 245 moestos
1040 208 1222 249 hyacinthos,

402 289 640 325 Narcissumque,
663 288 852 320 crocumque,
876 281 905 309 et
927 273 1071 316 quidquid
1092 276 1276 312 purpureum
1296 272 1350 296 ver

405 353 501 392 Spirat
521 351 614 385 hians,
636 345 780 387 quidquid
803 343 911 374 [lorum
932 348 984 380 per
1006 336 1138 377 gramina
1158 333 1265 374 passim

406 418 556 456 Subgerit,
579 416 744 446 immiscens
765 410 861 441 varios
882 408 992 439 Natura
1013 403 1135 435 colores.

407 484 491 514 Parte
514 482 566 512 alia
589 479 697 510 celeres
718 477 825 507 sistunt
845 481 919 511 vaga
940 469 1063 501 flumina
1085 473 1207 497 cursus:

406 550 546 581 Exultant
567 546 716 584 vallesque
736 550 834 577 cavae,
857 538 1004 576 collesque
1026 533 1143 573 supini:

409 617 445 647 Et
466 615 687 646 circumstantes
708 608 886 641 submittunt
908 603 1036 635 culmina
1057 600 1159 640 pinus:

411 683 581 720 Crebraque
603 676 762 718 palmiferis
784 674 945 711 erumpunt
964 668 1097 708 germina
1118 663 1210 695 silvis.

412 748 517 780 Omnia
536 746 700 776 laetantur:
725 742 837 772 cessant
857 736 1003 774 Eurique,
1025 731 1169 769 Notique:

416 813 515 844 Cessat
536 814 620 841 atrox
641 809 757 838 Boreas.
782 805 908 835 Tantum
929 809 982 840 per
1003 799 1095 829 ssorea
1116 802 1183 825 rura

416 879 517 917 Regna
540 877 643 906 tenent
666 870 805 910 Zephyri,
828 867 1004 904 coelumque
1026 859 1193 900 tepentibus
1214 854 1290 886 auris

419 944 558 978 Mulcent,
580 947 697 980 quaque
718 937 814 970 datur,
838 931 1023 972 gradientem
1044 933 1117 956 voce
1137 922 1273 953 salutant.

421 1010 460 1040 Ut
480 1010 604 1038 ventum
625 1004 660 1034 ad
681 1002 776 1037 sedes,
799 998 884 1029 vultu
906 996 1049 1032 longaeva
1070 987 1202 1020 verendo

423 1071 560 1104 Obcurrit
582 1067 698 1099 Coniux
719 1063 789 1095 iusti
809 1061 910 1093 Senis:
935 1060 1023 1096 atque
1043 1054 1166 1093 repente

424 1139 512 1170 Plena
532 1137 606 1171 Deo,
628 1132 785 1169 subitoque
807 1126 885 1159 uteri
906 1130 1044 1155 concussa
1066 1117 1208 1152 tumultu,

425 1203 544 1243 Excipit
565 1199 703 1239 amplexu
724 1195 909 1228 venientem,
932 1199 963 1220 ac
986 1187 1090 1219 talibus
1111 1184 1193 1215 infit:

504 1269 527 1299 O
550 1267 650 1301 decus,
672 1273 689 1295 o
711 1261 815 1297 laudis,
838 1257 955 1292 Mulier,
977 1255 1038 1285 dux
1059 1249 1177 1291 praevia
1198 1248 1326 1279 nostrae,

429 1335 591 1368 Coelitibus
611 1331 670 1362 sola
690 1330 856 1360 humanum
876 1331 952 1363 quae
973 1320 1062 1358 digna
1083 1317 1200 1355 reperta
1221 1321 1251 1343 es

431 1401 596 1433 conciliare
617 1404 721 1436 genus,
744 1395 904 1430 coetusque
925 1386 1067 1419 adtollere
1088 1383 1122 1414 ad
1144 1384 1219 1412 asu-a

428 1468 601 1499 Femineos:
626 1461 774 1502 gremium
796 1458 878 1489 cuius
900 1454 1017 1485 divinus
1038 1448 1195 1481 obumbrat

431 1534 554 1568 Palmes,
577 1527 758 1561 inexhaustis
779 1529 872 1556 terras
893 1521 944 1561 qui
966 1516 1111 1557 compleat
1131 1513 1215 1545 uvis:

431 1601 500 1637 Quis
521 1606 581 1633 me,
603 1596 668 1635 quis
689 1596 769 1624 tanto
792 1587 943 1629 Superum
965 1585 1103 1623 dignatur
1123 1578 1257 1610 honore?

433 1665 517 1695 Tune
537 1659 639 1701 procul
659 1658 759 1688 visura
780 1652 921 1686 humiles,
944 1648 1067 1686 Regina,
1090 1645 1209 1684 penates

438 1726 570 1760 Venisti?
593 1728 662 1755 tune
684 1721 732 1752 illa
751 1719 812 1750 mei
832 1714 1031 1756 pulcherrima
1052 1709 1141 1748 Regis

440 1794 532 1825 Mater
553 1789 639 1821 ades?
660 1786 772 1820 viden',
794 1786 827 1815 ut
847 1785 946 1813 nostra
966 1779 1043 1809 Puer
1064 1774 1177 1807 excitus
1198 1771 1274 1805 alvo,

441 1858 539 1894 Quum
558 1852 632 1884 mihi
653 1851 703 1880 vix
725 1848 834 1888 primas
854 1845 935 1876 vocis
956 1850 1044 1874 sonus
1065 1837 1171 1870 ambiat
1194 1842 1289 1869 aures,

442 1924 502 1953 Iam
522 1919 597 1954 salit,
620 1920 648 1948 et
668 1914 830 1945 Dominum
852 1918 908 1942 ceu
927 1913 1141 1949 praecursurus
1161 1901 1280 1933 adorat?

444 1987 539 2022 Felix,
561 1984 666 2022 Virgo,
688 1980 788 2015 animi,
811 1977 893 2013 felix,
917 1975 963 2007 cui
985 1976 1064 2004 tanta
1084 1969 1195 2002 mereri

445 2052 612 2085 Credulitas
632 2048 713 2080 dedit
733 2054 809 2078 una:
834 2044 864 2075 in
887 2045 915 2072 te
935 2047 1004 2072 nam
1026 2037 1112 2077 plena
1132 2032 1246 2066 videbis
