1621 2522
838 133 881 139 -
906 116 945 147 70
972 133 1009 140 .-

415 182 470 213 Per
491 182 597 213 sudum
618 184 720 222 strepit
741 184 907 216 innumeris
930 188 1078 219 exercitus
1101 188 1164 219 alis.

419 252 542 283 Miratur
563 253 660 284 lucem
681 254 838 285 insolitam:
856 256 982 287 miratur
1003 261 1123 288 ovantes

416 325 599 357 Coelicolum
621 331 722 358 cantus
743 328 853 359 senior.
871 329 947 360 Tum
969 329 1075 366 victus,
1092 334 1121 361 et
1144 340 1256 368 amens,

414 400 633 441 Adtonitusque
654 404 755 440 animi,
773 405 919 444 tantisque
940 406 1094 437 ardoribus
1115 407 1211 446 impar

417 477 548 514 Corruit,
565 482 595 509 et
616 480 749 518 geminas
770 482 887 512 vultum
910 483 1028 513 demisit
1048 483 1078 514 in
1099 484 1191 515 ulnas:

413 553 601 594 Adsususque
622 556 673 587 diu
696 557 805 594 telluri,
820 558 980 590 immobilis
1001 560 1104 591 haesit.

413 630 466 661 Hic
489 630 572 662 illum
595 632 701 672 Superi
723 633 806 664 iuxta
828 634 932 666 videre
954 636 1110 672 iacentem,

414 707 495 738 Vidit
519 708 570 740 Dia
594 709 714 741 Parens:
731 719 786 742 nec
807 711 931 750 longum
952 722 1033 752 passa
1055 713 1163 744 seniles

415 781 528 813 Obduci
549 784 680 815 tenebris
702 785 814 816 oculos:
832 786 880 817 dat
901 795 1034 825 surgere,
1052 790 1081 818 et
1101 795 1225 825 aegrum

414 857 587 890 Sustentare
609 868 699 898 genu,
718 862 912 902 tremulisque
933 864 1067 894 insistere
1088 864 1205 903 plantis,

414 934 597 975 Divinosque
618 938 676 975 pati
697 938 809 974 vultus,
825 940 986 978 superique
1008 940 1136 971 nitorem

413 1009 501 1047 Ignis,
518 1013 547 1040 et
568 1010 720 1041 aethereas
742 1012 886 1043 vibrantia
908 1012 1019 1044 lumina
1041 1014 1184 1044 flammas.

412 1082 464 1113 Ille
485 1084 535 1114 ubi
557 1084 709 1123 paullatim
731 1086 822 1122 vires,
838 1087 1029 1126 animumque
1051 1088 1199 1118 resumsit:

413 1157 530 1188 Nodoso
554 1159 727 1191 incumbens
749 1161 865 1197 baculo,
883 1161 1062 1193 modulantia
1085 1163 1215 1201 primum

412 1230 550 1268 Agmina,
566 1232 772 1272 Reginamque
795 1235 892 1266 Deum
914 1235 951 1266 de
972 1243 1056 1265 more
1077 1235 1193 1266 salutat.

413 1306 481 1336 Mox
504 1307 600 1345 ipsum
622 1307 767 1339 adcedens
789 1317 942 1348 praesepe,
959 1309 1085 1349 ulvaque
1107 1311 1227 1350 palustri

412 1376 586 1414 Impositum
608 1381 742 1415 spectans
764 1379 925 1410 Dominum
948 1382 1114 1419 terraeque,
1130 1382 1290 1420 marisque,

412 1445 448 1484 (O
472 1446 599 1482 tim0r‚o
619 1448 727 1477 mentis
748 1448 867 1486 pietasl)
891 1449 1014 1487 puerilia
1036 1450 1171 1481 membra

411 1517 476 1548 Non
499 1527 585 1549 ausus
607 1522 732 1550 tractare
752 1528 852 1556 manu,
869 1524 1031 1552 cunctatur.
1049 1522 1090 1553 lbi
1112 1531 1225 1558 auram,

412 1584 590 1623 Insperatain
612 1595 714 1616 auram
737 1586 835 1617 divino
857 1588 982 1617 efflantis
1004 1588 1039 1618 ab
1060 1596 1111 1619 ore

412 1651 469 1681 Ore
491 1652 621 1688 trahens,
637 1652 736 1683 subito
757 1656 911 1691 correptus
933 1654 1068 1685 Numinis
1090 1655 1206 1690 haustu,

411 1716 605 1756 Adssatusque
626 1718 698 1754 Deo,
712 1719 753 1749 sic
774 1720 895 1750 tandem
916 1728 988 1751 voce
1009 1721 1107 1759 quieta

412 1789 525 1828 Incipit,
542 1793 571 1820 et
593 1790 719 1820 lacrimis
741 1791 839 1821 oculos
861 1792 1013 1823 subfundit
1034 1793 1155 1823 obortis:

491 1860 598 1891 Sancte
620 1861 707 1897 Puer,
725 1870 785 1893 non
808 1866 835 1893 te
858 1863 969 1893 Phariis
990 1871 1114 1902 operosa
1135 1863 1281 1894 columnis

412 1931 504 1969 Atria,
520 1942 580 1964 non
602 1934 709 1964 variata
732 1934 884 1973 Phrygum
906 1935 1050 1966 velamina
1074 1938 1157 1966 textu

413 2003 566 2044 Excepere
588 2005 676 2044 (iaces
697 2004 778 2037 nullo
799 2006 965 2045 spectabilis
987 2006 1083 2046 auro),
