1621 2522
843 141 879 147 -
907 125 947 155 88
972 141 1015 148 -

425 190 489 228 Ipse
511 195 596 230 caput
618 192 685 229 late,
709 203 764 233 qua
786 195 927 234 Bagrada,
950 206 1007 236 qua
1028 205 1120 235 vagus
1143 203 1220 229 errat

424 257 538 293 Triton,
564 258 727 298 Cinyphiae
749 269 804 300 qua
828 262 1029 294 devolvuntur
1051 273 1166 296 arenae:

423 324 528 362 Ingens
550 326 695 364 agricolis⁷
719 327 823 366 ingens
844 331 1009 369 pastoribus
1031 331 1143 370 Aegon.

422 391 460 420 At
483 392 605 430 Lycidas
628 394 678 424 vix
701 395 776 425 urbe
798 405 860 433 sua,
883 398 934 428 vix
957 398 1030 429 colle
1051 401 1217 439 propinquo

423 458 577 497 Cognitus,
600 469 761 500 aequoreas
782 472 900 496 carmen
923 466 1048 497 deflexit
1070 467 1105 497 ad
1128 468 1232 499 undas:

422 527 459 557 Et
482 531 579 559 tamen
601 529 630 559 lii
652 539 712 561 non
735 541 807 564 voce
828 542 923 572 pares,
946 544 1006 566 non
1027 536 1139 568 viribus
1162 538 1273 576 aequis,

421 592 501 624 Inter
523 594 697 627 adorantum
719 598 851 636 choreas,
875 601 1052 641 plaususque
1075 603 1204 634 Deorum

420 658 537 692 Rustica
558 667 679 702 septena
700 665 891 698 modulantur
913 669 1042 700 carmina
1065 678 1167 701 canna:

499 727 559 759 Hoc
580 733 653 766 erat,
676 731 753 762 alme
776 733 865 770 Puer,
888 736 988 773 patriis
1009 737 1089 775 quod
1109 742 1210 769 noster
1232 739 1263 769 in
1284 740 1374 771 antris

420 793 539 833 Tityrus
561 796 685 828 adtritae
706 800 818 837 sprevit
839 801 914 832 rude
936 812 1055 835 carmen
1077 813 1201 843 avenae,

419 862 457 891 Et
478 863 584 893 cecinit
605 863 708 902 dignas
730 875 852 898 romano
874 871 994 901 consule
1014 871 1111 903 silvas:

501 930 608 961 Ultima
633 932 754 964 Cumaei
777 936 858 966 venit
879 937 937 968 iam
959 940 1097 970 carminis
1119 944 1205 971 aetas:

420 996 524 1034 Magna
546 1006 599 1036 per
620 1004 737 1031 exactos
758 1008 941 1035 renovantur
962 1007 1076 1037 saecula
1100 1016 1213 1038 cursus.

419 1063 536 1095 Scilicet
558 1066 628 1097 haec
650 1067 742 1106 Virgo
764 1073 818 1106 est,
841 1071 913 1102 haec
933 1077 1002 1103 sunt
1025 1075 1160 1106 Saturnia
1182 1084 1286 1115 regna:

498 1131 574 1162 Haec
596 1142 670 1163 nova
693 1134 853 1174 Progenies
875 1139 956 1169 coelo
979 1139 1130 1171 descendit
1152 1143 1187 1173 ab
1210 1143 1279 1178 alto,

418 1198 588 1236 Progenies,
612 1208 665 1238 pei·
686 1209 774 1239 quam
797 1206 857 1234 toto
879 1213 952 1242 gens
974 1216 1061 1238 aurea
1083 1209 1194 1240 mundo

417 1264 537 1303 Surget,
561 1269 591 1296 et
613 1266 643 1297 in
664 1268 769 1299 mediis
791 1270 902 1308 palmes
924 1272 1041 1304 florebit
1061 1274 1166 1305 aristis.

495 1332 556 1368 Qua
578 1333 663 1370 duce,
685 1336 767 1374 siqua
789 1342 909 1368 manent
930 1339 1047 1370 sceleris
1069 1342 1192 1380 vestigia
1214 1344 1320 1379 nostri,

416 1400 499 1430 Irrita
522 1405 665 1440 perpetua
686 1403 803 1435 solvent
823 1405 982 1437 formidine
1005 1411 1105 1439 terras:

417 1467 454 1496 Ei
475 1468 600 1498 vetitum
622 1470 720 1507 magni
743 1471 888 1509 pandetur
909 1473 1000 1504 limen
1022 1474 1150 1514 Olympi.

495 1534 615 1566 Occidet
636 1539 665 1566 et
684 1545 814 1576 serpens,
838 1540 960 1570 miseros
982 1550 1057 1580 quae
1079 1543 1172 1581 prima
1194 1548 1329 1581 parentes

414 1600 507 1632 Elusit
529 1594 723 1640 portentificis
743 1605 856 1637 imbuta
878 1609 1008 1639 venenis.

494 1669 577 1700 Tune
600 1671 696 1701 Deum
718 1673 809 1703 vitan]
831 1675 968 1713 accipies?
990 1677 1131 1716 Divisque
1152 1678 1265 1709 videbis

414 1736 571 1767 permistos
593 1736 713 1774 Heroas,
736 1742 766 1770 et
788 1740 849 1778 ipse
872 1742 1022 1773 videberis
1046 1744 1117 1774 illis?

414 1803 611 1842 Pacatumque
632 1813 718 1842 reges
740 1808 842 1844 patriis
863 1809 1023 1840 virtutibus
1045 1811 1173 1841 orbem?

493 1870 619 1909 Adspice
640 1871 715 1902 felici
737 1872 878 1905 diffusum
900 1875 1013 1906 lumine
1033 1876 1159 1912 coelum,

412 1935 608 1976 Camposque‚
631 1938 807 1978 fluviosque,
830 1941 964 1981 ipsasque
985 1943 1014 1973 in
1035 1944 1185 1975 montibus
1207 1945 1324 1977 herbas.

415 2003 549 2042 Adspice,
573 2008 699 2037 venturo
720 2006 866 2039 laetentur
887 2012 919 2040 ut
940 2010 1036 2041 omnia
1058 2011 1163 2042 saeclo.
