<?xml version="1.0" encoding="UTF-8"?>
<!DOCTYPE html PUBLIC "-//W3C//DTD XHTML 1.0 Transitional//EN"
    "http://www.w3.org/TR/xhtml1/DTD/xhtml1-transitional.dtd">
<html xmlns="http://www.w3.org/1999/xhtml" xml:lang="en" lang="en">
 <head>
  <title>
</title>
<meta http-equiv="Content-Type" content="text/html;charset=utf-8" />
  <meta name='ocr-system' content='tesseract 3.04.00' />
  <meta name='ocr-capabilities' content='ocr_page ocr_carea ocr_par ocr_line ocrx_word'/>
</head>
<body>
  <div class='ocr_page' id='page_1' title='image "./delpartodellaver00sannuoft_0086.png"; bbox 0 0 1621 2522; ppageno 0'>
   <div class='ocr_carea' id='block_1_1' title="bbox 410 153 1357 1376">
    <p class='ocr_par' dir='ltr' id='par_1_1' title="bbox 822 153 993 186">
     <span class='ocr_line' id='line_1_1' title="bbox 822 153 993 186; baseline -0.006 -9"><span class='ocrx_word' id='word_1_1' title='bbox 822 172 865 177; x_wconf 79' lang='grc'>-</span> <span class='ocrx_word' id='word_1_2' title='bbox 888 153 929 186; x_wconf 75' lang='grc'>80</span> <span class='ocrx_word' id='word_1_3' title='bbox 956 168 993 176; x_wconf 88' lang='grc'>-.</span> 
     </span>
    </p>

    <p class='ocr_par' dir='ltr' id='par_1_2' title="bbox 410 222 1223 272">
     <span class='ocr_line' id='line_1_2' title="bbox 410 222 1223 272; baseline -0.02 -7"><span class='ocrx_word' id='word_1_4' title='bbox 410 233 577 272; x_wconf 83' lang='lat' dir='ltr'>Complexu</span> <span class='ocrx_word' id='word_1_5' title='bbox 598 232 627 262; x_wconf 88' lang='lat' dir='ltr'>in</span> <span class='ocrx_word' id='word_1_6' title='bbox 649 229 731 260; x_wconf 88' lang='lat' dir='ltr'>molli</span> <span class='ocrx_word' id='word_1_7' title='bbox 754 225 975 264; x_wconf 60' lang='lat' dir='ltr'>Natum2fovet,</span> <span class='ocrx_word' id='word_1_8' title='bbox 998 222 1089 253; x_wconf 83' lang='lat' dir='ltr'>ubera</span> <span class='ocrx_word' id='word_1_9' title='bbox 1111 227 1223 259; x_wconf 80' lang='lat' dir='ltr'>pernox</span> 
     </span>
    </p>

    <p class='ocr_par' dir='ltr' id='par_1_3' title="bbox 411 288 1087 336">
     <span class='ocr_line' id='line_1_3' title="bbox 411 288 1087 336; baseline -0.021 -6"><span class='ocrx_word' id='word_1_10' title='bbox 411 298 572 336; x_wconf 74' lang='lat' dir='ltr'>Indulgens</span> <span class='ocrx_word' id='word_1_11' title='bbox 595 295 705 326; x_wconf 86' lang='lat' dir='ltr'>teneris</span> <span class='ocrx_word' id='word_1_12' title='bbox 727 292 814 323; x_wconf 89' lang='lat' dir='ltr'>Pueri</span> <span class='ocrx_word' id='word_1_13' title='bbox 836 290 966 321; x_wconf 81' lang='lat' dir='ltr'>rorantIa</span> <span class='ocrx_word' id='word_1_14' title='bbox 987 288 1087 318; x_wconf 82' lang='lat' dir='ltr'>labris:</span> 
     </span>
    </p>

    <p class='ocr_par' dir='ltr' id='par_1_4' title="bbox 415 355 1211 403">
     <span class='ocr_line' id='line_1_4' title="bbox 415 355 1211 403; baseline -0.019 -8"><span class='ocrx_word' id='word_1_15' title='bbox 415 365 476 395; x_wconf 77' lang='lat' dir='ltr'>Nec</span> <span class='ocrx_word' id='word_1_16' title='bbox 497 363 602 403; x_wconf 87' lang='lat' dir='ltr'>procul</span> <span class='ocrx_word' id='word_1_17' title='bbox 627 363 655 392; x_wconf 87' lang='lat' dir='ltr'>in</span> <span class='ocrx_word' id='word_1_18' title='bbox 677 359 784 399; x_wconf 89' lang='lat' dir='ltr'>stipula</span> <span class='ocrx_word' id='word_1_19' title='bbox 807 358 932 389; x_wconf 88' lang='lat' dir='ltr'>demisso</span> <span class='ocrx_word' id='word_1_20' title='bbox 955 357 1075 395; x_wconf 75' lang='lat' dir='ltr'>pectore</span> <span class='ocrx_word' id='word_1_21' title='bbox 1096 355 1211 382; x_wconf 90' lang='lat' dir='ltr'>mutum</span> 
     </span>
    </p>

    <p class='ocr_par' dir='ltr' id='par_1_5' title="bbox 415 417 1198 465">
     <span class='ocr_line' id='line_1_5' title="bbox 415 417 1198 465; baseline -0.019 -5"><span class='ocrx_word' id='word_1_22' title='bbox 415 428 585 459; x_wconf 72' lang='lat' dir='ltr'>Procumljiit</span> <span class='ocrx_word' id='word_1_23' title='bbox 607 434 706 465; x_wconf 82' lang='lat' dir='ltr'>pecus:</span> <span class='ocrx_word' id='word_1_24' title='bbox 731 428 760 454; x_wconf 90' lang='lat' dir='ltr'>et</span> <span class='ocrx_word' id='word_1_25' title='bbox 782 422 901 453; x_wconf 83' lang='lat' dir='ltr'>Domini</span> <span class='ocrx_word' id='word_1_26' title='bbox 923 419 1046 457; x_wconf 83' lang='lat' dir='ltr'>vestigia</span> <span class='ocrx_word' id='word_1_27' title='bbox 1068 417 1198 448; x_wconf 79' lang='lat' dir='ltr'>lambens</span> 
     </span>
    </p>

    <p class='ocr_par' dir='ltr' id='par_1_6' title="bbox 416 486 1147 533">
     <span class='ocr_line' id='line_1_6' title="bbox 416 486 1147 533; baseline -0.022 -6"><span class='ocrx_word' id='word_1_28' title='bbox 416 496 586 533; x_wconf 78' lang='lat' dir='ltr'>Pervigilat‚</span> <span class='ocrx_word' id='word_1_29' title='bbox 607 494 712 530; x_wconf 78' lang='lat' dir='ltr'>longos</span> <span class='ocrx_word' id='word_1_30' title='bbox 734 490 829 522; x_wconf 81' lang='lat' dir='ltr'>fundit</span> <span class='ocrx_word' id='word_1_31' title='bbox 850 489 923 519; x_wconf 88' lang='lat' dir='ltr'>dum</span> <span class='ocrx_word' id='word_1_32' title='bbox 945 486 1014 517; x_wconf 87' lang='lat' dir='ltr'>tibia</span> <span class='ocrx_word' id='word_1_33' title='bbox 1037 486 1147 514; x_wconf 78' lang='lat' dir='ltr'>cantus.</span> 
     </span>
    </p>

    <p class='ocr_par' dir='ltr' id='par_1_7' title="bbox 420 547 1206 590">
     <span class='ocr_line' id='line_1_7' title="bbox 420 547 1206 590; baseline -0.019 0"><span class='ocrx_word' id='word_1_34' title='bbox 420 561 471 590; x_wconf 73' lang='lat' dir='ltr'>Hic</span> <span class='ocrx_word' id='word_1_35' title='bbox 493 561 599 589; x_wconf 79' lang='lat' dir='ltr'>faustos</span> <span class='ocrx_word' id='word_1_36' title='bbox 622 560 704 587; x_wconf 83' lang='lat' dir='ltr'>ortus</span> <span class='ocrx_word' id='word_1_37' title='bbox 725 555 824 589; x_wconf 87' lang='lat' dir='ltr'>Pueri,</span> <span class='ocrx_word' id='word_1_38' title='bbox 846 556 1023 589; x_wconf 84' lang='lat' dir='ltr'>noctemque</span> <span class='ocrx_word' id='word_1_39' title='bbox 1044 547 1206 578; x_wconf 76' lang='lat' dir='ltr'>verendam</span> 
     </span>
    </p>

    <p class='ocr_par' dir='ltr' id='par_1_8' title="bbox 420 612 1159 661">
     <span class='ocr_line' id='line_1_8' title="bbox 420 612 1159 661; baseline -0.02 -5"><span class='ocrx_word' id='word_1_40' title='bbox 420 627 559 656; x_wconf 85' lang='lat' dir='ltr'>Discursu</span> <span class='ocrx_word' id='word_1_41' title='bbox 581 631 633 661; x_wconf 88' lang='lat' dir='ltr'>per</span> <span class='ocrx_word' id='word_1_42' title='bbox 654 622 741 651; x_wconf 88' lang='lat' dir='ltr'>inane</span> <span class='ocrx_word' id='word_1_43' title='bbox 762 619 831 654; x_wconf 88' lang='lat' dir='ltr'>levi,</span> <span class='ocrx_word' id='word_1_44' title='bbox 855 617 1022 657; x_wconf 81' lang='lat' dir='ltr'>passimque</span> <span class='ocrx_word' id='word_1_45' title='bbox 1044 612 1159 643; x_wconf 78' lang='lat' dir='ltr'>canoris</span> 
     </span>
    </p>

    <p class='ocr_par' dir='ltr' id='par_1_9' title="bbox 422 680 1233 727">
     <span class='ocr_line' id='line_1_9' title="bbox 422 680 1233 727; baseline -0.021 -4"><span class='ocrx_word' id='word_1_46' title='bbox 422 691 571 722; x_wconf 78' lang='lat' dir='ltr'>Laudibus</span> <span class='ocrx_word' id='word_1_47' title='bbox 594 689 732 727; x_wconf 80' lang='lat' dir='ltr'>excipite,</span> <span class='ocrx_word' id='word_1_48' title='bbox 757 690 786 717; x_wconf 88' lang='lat' dir='ltr'>et</span> <span class='ocrx_word' id='word_1_49' title='bbox 808 685 912 725; x_wconf 88' lang='lat' dir='ltr'>plausu</span> <span class='ocrx_word' id='word_1_50' title='bbox 934 682 1081 713; x_wconf 85' lang='lat' dir='ltr'>celebrate</span> <span class='ocrx_word' id='word_1_51' title='bbox 1103 680 1233 709; x_wconf 78' lang='lat' dir='ltr'>faventes</span> 
     </span>
    </p>

    <p class='ocr_par' dir='ltr' id='par_1_10' title="bbox 424 747 1119 788">
     <span class='ocr_line' id='line_1_10' title="bbox 424 747 1119 788; baseline -0.02 0"><span class='ocrx_word' id='word_1_52' title='bbox 424 757 526 788; x_wconf 86' lang='lat' dir='ltr'>Omnia</span> <span class='ocrx_word' id='word_1_53' title='bbox 548 755 661 785; x_wconf 83' lang='lat' dir='ltr'>felicem</span> <span class='ocrx_word' id='word_1_54' title='bbox 685 756 809 782; x_wconf 79' lang='lat' dir='ltr'>ventura</span> <span class='ocrx_word' id='word_1_55' title='bbox 830 750 860 780; x_wconf 94' lang='lat' dir='ltr'>in</span> <span class='ocrx_word' id='word_1_56' title='bbox 881 747 995 779; x_wconf 88' lang='lat' dir='ltr'>saecula</span> <span class='ocrx_word' id='word_1_57' title='bbox 1017 753 1119 785; x_wconf 83' lang='lat' dir='ltr'>pacem</span> 
     </span>
    </p>

    <p class='ocr_par' dir='ltr' id='par_1_11' title="bbox 426 809 1138 858">
     <span class='ocr_line' id='line_1_11' title="bbox 426 809 1138 858; baseline -0.018 -6"><span class='ocrx_word' id='word_1_58' title='bbox 426 821 628 858; x_wconf 80' lang='lat' dir='ltr'>Certatimque</span> <span class='ocrx_word' id='word_1_59' title='bbox 650 816 829 848; x_wconf 86' lang='lat' dir='ltr'>renascentis</span> <span class='ocrx_word' id='word_1_60' title='bbox 851 812 994 845; x_wconf 87' lang='lat' dir='ltr'>cunabula</span> <span class='ocrx_word' id='word_1_61' title='bbox 1015 809 1138 845; x_wconf 88' lang='lat' dir='ltr'>mundi,</span> 
     </span>
    </p>

    <p class='ocr_par' dir='ltr' id='par_1_12' title="bbox 426 874 1351 922">
     <span class='ocr_line' id='line_1_12' title="bbox 426 874 1351 922; baseline -0.021 -4"><span class='ocrx_word' id='word_1_62' title='bbox 426 888 545 918; x_wconf 79' lang='lat' dir='ltr'>Victum</span> <span class='ocrx_word' id='word_1_63' title='bbox 568 886 715 922; x_wconf 80' lang='lat' dir='ltr'>Anguem,</span> <span class='ocrx_word' id='word_1_64' title='bbox 738 882 911 918; x_wconf 74' lang='lat' dir='ltr'>victumque</span> <span class='ocrx_word' id='word_1_65' title='bbox 933 877 1046 915; x_wconf 83' lang='lat' dir='ltr'>Anguis</span> <span class='ocrx_word' id='word_1_66' title='bbox 1068 874 1171 904; x_wconf 82' lang='lat' dir='ltr'>furiale</span> <span class='ocrx_word' id='word_1_67' title='bbox 1193 878 1351 902; x_wconf 85' lang='lat' dir='ltr'>venenum.</span> 
     </span>
    </p>

    <p class='ocr_par' dir='ltr' id='par_1_13' title="bbox 429 940 1163 991">
     <span class='ocr_line' id='line_1_13' title="bbox 429 940 1163 991; baseline -0.022 -7"><span class='ocrx_word' id='word_1_68' title='bbox 429 954 476 984; x_wconf 77' lang='lat' dir='ltr'>Sic</span> <span class='ocrx_word' id='word_1_69' title='bbox 499 952 649 991; x_wconf 76' lang='lat' dir='ltr'>placitum,</span> <span class='ocrx_word' id='word_1_70' title='bbox 671 949 711 979; x_wconf 88' lang='lat' dir='ltr'>sic</span> <span class='ocrx_word' id='word_1_71' title='bbox 733 954 851 977; x_wconf 80' lang='lat' dir='ltr'>aversos</span> <span class='ocrx_word' id='word_1_72' title='bbox 873 944 1053 980; x_wconf 80' lang='lat' dir='ltr'>coniungere</span> <span class='ocrx_word' id='word_1_73' title='bbox 1075 940 1163 970; x_wconf 79' lang='lat' dir='ltr'>terris</span> 
     </span>
    </p>

    <p class='ocr_par' dir='ltr' id='par_1_14' title="bbox 431 1002 1357 1112">
     <span class='ocr_line' id='line_1_14' title="bbox 431 1002 1306 1048; baseline -0.023 0"><span class='ocrx_word' id='word_1_74' title='bbox 431 1015 600 1048; x_wconf 83' lang='lat' dir='ltr'>Coelicolas:</span> <span class='ocrx_word' id='word_1_75' title='bbox 625 1014 665 1043; x_wconf 83' lang='lat' dir='ltr'>sic</span> <span class='ocrx_word' id='word_1_76' title='bbox 687 1013 766 1043; x_wconf 81' lang='lat' dir='ltr'>ferre</span> <span class='ocrx_word' id='word_1_77' title='bbox 787 1008 922 1040; x_wconf 89' lang='lat' dir='ltr'>homines</span> <span class='ocrx_word' id='word_1_78' title='bbox 944 1006 978 1036; x_wconf 89' lang='lat' dir='ltr'>ad</span> <span class='ocrx_word' id='word_1_79' title='bbox 1001 1004 1096 1035; x_wconf 85' lang='lat' dir='ltr'>sidera</span> <span class='ocrx_word' id='word_1_80' title='bbox 1116 1004 1231 1032; x_wconf 86' lang='lat' dir='ltr'>certum</span> <span class='ocrx_word' id='word_1_81' title='bbox 1252 1002 1306 1030; x_wconf 89' lang='lat' dir='ltr'>est.</span> 
     </span>
     <span class='ocr_line' id='line_1_15' title="bbox 512 1069 1357 1112; baseline -0.022 1"><span class='ocrx_word' id='word_1_82' title='bbox 512 1083 588 1112; x_wconf 86' lang='lat' dir='ltr'>Haec</span> <span class='ocrx_word' id='word_1_83' title='bbox 608 1080 658 1111; x_wconf 85' lang='lat' dir='ltr'>ubi</span> <span class='ocrx_word' id='word_1_84' title='bbox 681 1079 768 1112; x_wconf 83' lang='lat' dir='ltr'>dicta,</span> <span class='ocrx_word' id='word_1_85' title='bbox 792 1083 905 1107; x_wconf 85' lang='lat' dir='ltr'>novum</span> <span class='ocrx_word' id='word_1_86' title='bbox 926 1072 1048 1111; x_wconf 78' lang='lat' dir='ltr'>Superis</span> <span class='ocrx_word' id='word_1_87' title='bbox 1070 1069 1193 1108; x_wconf 79' lang='lat' dir='ltr'>inspirat</span> <span class='ocrx_word' id='word_1_88' title='bbox 1215 1072 1357 1100; x_wconf 81' lang='lat' dir='ltr'>amorem,</span> 
     </span>
    </p>

    <p class='ocr_par' dir='ltr' id='par_1_15' title="bbox 434 1135 1161 1186">
     <span class='ocr_line' id='line_1_16' title="bbox 434 1135 1161 1186; baseline -0.023 -6"><span class='ocrx_word' id='word_1_89' title='bbox 434 1151 497 1186; x_wconf 86' lang='lat' dir='ltr'>Quo</span> <span class='ocrx_word' id='word_1_90' title='bbox 519 1148 616 1178; x_wconf 82' lang='lat' dir='ltr'>subito</span> <span class='ocrx_word' id='word_1_91' title='bbox 637 1148 754 1175; x_wconf 87' lang='lat' dir='ltr'>veteres</span> <span class='ocrx_word' id='word_1_92' title='bbox 777 1142 924 1181; x_wconf 76' lang='lat' dir='ltr'>deponant</span> <span class='ocrx_word' id='word_1_93' title='bbox 946 1136 1073 1176; x_wconf 78' lang='lat' dir='ltr'>pectoris</span> <span class='ocrx_word' id='word_1_94' title='bbox 1095 1135 1161 1165; x_wconf 81' lang='lat' dir='ltr'>iras:</span> 
     </span>
    </p>

    <p class='ocr_par' dir='ltr' id='par_1_16' title="bbox 436 1198 1168 1245">
     <span class='ocr_line' id='line_1_17' title="bbox 436 1198 1168 1245; baseline -0.022 -1"><span class='ocrx_word' id='word_1_95' title='bbox 436 1213 525 1245; x_wconf 86' lang='lat' dir='ltr'>Obliti</span> <span class='ocrx_word' id='word_1_96' title='bbox 547 1211 706 1245; x_wconf 81' lang='lat' dir='ltr'>scelerum3</span> <span class='ocrx_word' id='word_1_97' title='bbox 730 1206 885 1244; x_wconf 79' lang='lat' dir='ltr'>Patrisque</span> <span class='ocrx_word' id='word_1_98' title='bbox 908 1201 1044 1240; x_wconf 82' lang='lat' dir='ltr'>exempla</span> <span class='ocrx_word' id='word_1_99' title='bbox 1064 1198 1168 1233; x_wconf 85' lang='lat' dir='ltr'>secuti,</span> 
     </span>
    </p>

    <p class='ocr_par' dir='ltr' id='par_1_17' title="bbox 438 1266 1219 1312">
     <span class='ocr_line' id='line_1_18' title="bbox 438 1266 1219 1312; baseline -0.023 -2"><span class='ocrx_word' id='word_1_100' title='bbox 438 1281 598 1310; x_wconf 79' lang='lat' dir='ltr'>Terrarum</span> <span class='ocrx_word' id='word_1_101' title='bbox 619 1276 747 1312; x_wconf 78' lang='lat' dir='ltr'>flagrent</span> <span class='ocrx_word' id='word_1_102' title='bbox 768 1271 876 1306; x_wconf 85' lang='lat' dir='ltr'>studio,</span> <span class='ocrx_word' id='word_1_103' title='bbox 900 1273 929 1300; x_wconf 87' lang='lat' dir='ltr'>et</span> <span class='ocrx_word' id='word_1_104' title='bbox 950 1266 1083 1299; x_wconf 86' lang='lat' dir='ltr'>mortalia</span> <span class='ocrx_word' id='word_1_105' title='bbox 1105 1266 1219 1295; x_wconf 84' lang='lat' dir='ltr'>curent.</span> 
     </span>
    </p>

    <p class='ocr_par' dir='ltr' id='par_1_18' title="bbox 438 1331 1291 1376">
     <span class='ocr_line' id='line_1_19' title="bbox 438 1331 1291 1376; baseline -0.023 -1"><span class='ocrx_word' id='word_1_106' title='bbox 438 1345 499 1376; x_wconf 85' lang='lat' dir='ltr'>Nec</span> <span class='ocrx_word' id='word_1_107' title='bbox 522 1350 613 1373; x_wconf 89' lang='lat' dir='ltr'>mora:</span> <span class='ocrx_word' id='word_1_108' title='bbox 638 1338 796 1370; x_wconf 80' lang='lat' dir='ltr'>Laetitiam</span> <span class='ocrx_word' id='word_1_109' title='bbox 818 1334 934 1366; x_wconf 77' lang='lat' dir='ltr'>choreis</span> <span class='ocrx_word' id='word_1_110' title='bbox 956 1336 1019 1363; x_wconf 91' lang='lat' dir='ltr'>tum</span> <span class='ocrx_word' id='word_1_111' title='bbox 1040 1331 1116 1361; x_wconf 86' lang='lat' dir='ltr'>forte</span> <span class='ocrx_word' id='word_1_112' title='bbox 1138 1331 1291 1358; x_wconf 86' lang='lat' dir='ltr'>vacantem</span> 
     </span>
    </p>
   </div>
   <div class='ocr_carea' id='block_1_2' title="bbox 438 1390 1331 1505">
    <p class='ocr_par' dir='ltr' id='par_1_19' title="bbox 438 1390 1331 1505">
     <span class='ocr_line' id='line_1_20' title="bbox 438 1390 1331 1440; baseline -0.024 0"><span class='ocrx_word' id='word_1_113' title='bbox 438 1409 579 1440; x_wconf 84' lang='lat' dir='ltr'>Advocat:</span> <span class='ocrx_word' id='word_1_114' title='bbox 603 1407 675 1436; x_wconf 86' lang='lat' dir='ltr'>haec</span> <span class='ocrx_word' id='word_1_115' title='bbox 695 1403 794 1440; x_wconf 81' lang='lat' dir='ltr'>magni</span> <span class='ocrx_word' id='word_1_116' title='bbox 816 1403 974 1437; x_wconf 87' lang='lat' dir='ltr'>motusque</span> <span class='ocrx_word' id='word_1_117' title='bbox 996 1396 1169 1433; x_wconf 85' lang='lat' dir='ltr'>animosque</span> <span class='ocrx_word' id='word_1_118' title='bbox 1191 1390 1331 1422; x_wconf 80' lang='lat' dir='ltr'>Tonantis</span> 
     </span>
     <span class='ocr_line' id='line_1_21' title="bbox 442 1454 1197 1505; baseline -0.023 -7"><span class='ocrx_word' id='word_1_119' title='bbox 442 1468 609 1505; x_wconf 81' lang='lat' dir='ltr'>Temperat,</span> <span class='ocrx_word' id='word_1_120' title='bbox 631 1467 661 1494; x_wconf 87' lang='lat' dir='ltr'>et</span> <span class='ocrx_word' id='word_1_121' title='bbox 680 1461 798 1492; x_wconf 89' lang='lat' dir='ltr'>vultum</span> <span class='ocrx_word' id='word_1_122' title='bbox 820 1459 947 1489; x_wconf 87' lang='lat' dir='ltr'>discussa</span> <span class='ocrx_word' id='word_1_123' title='bbox 968 1455 1049 1486; x_wconf 86' lang='lat' dir='ltr'>nube</span> <span class='ocrx_word' id='word_1_124' title='bbox 1070 1454 1197 1483; x_wconf 82' lang='lat' dir='ltr'>serenat.</span> 
     </span>
    </p>
   </div>
   <div class='ocr_carea' id='block_1_3' title="bbox 443 1519 1351 2095">
    <p class='ocr_par' dir='ltr' id='par_1_20' title="bbox 443 1519 1262 1764">
     <span class='ocr_line' id='line_1_22' title="bbox 444 1519 1250 1569; baseline -0.025 -4"><span class='ocrx_word' id='word_1_125' title='bbox 444 1534 608 1567; x_wconf 80' lang='lat' dir='ltr'>Laetitiam,</span> <span class='ocrx_word' id='word_1_126' title='bbox 631 1537 706 1569; x_wconf 88' lang='lat' dir='ltr'>quae</span> <span class='ocrx_word' id='word_1_127' title='bbox 730 1523 914 1557; x_wconf 85' lang='lat' dir='ltr'>Coelicolum</span> <span class='ocrx_word' id='word_1_128' title='bbox 935 1530 989 1561; x_wconf 90' lang='lat' dir='ltr'>per</span> <span class='ocrx_word' id='word_1_129' title='bbox 1010 1519 1110 1550; x_wconf 79' lang='lat' dir='ltr'>lImina</span> <span class='ocrx_word' id='word_1_130' title='bbox 1132 1524 1250 1555; x_wconf 84' lang='lat' dir='ltr'>semper</span> 
     </span>
     <span class='ocr_line' id='line_1_23' title="bbox 443 1587 1192 1634; baseline -0.027 -2"><span class='ocrx_word' id='word_1_131' title='bbox 443 1602 605 1634; x_wconf 84' lang='lat' dir='ltr'>Discursat,</span> <span class='ocrx_word' id='word_1_132' title='bbox 627 1603 753 1634; x_wconf 88' lang='lat' dir='ltr'>raroque</span> <span class='ocrx_word' id='word_1_133' title='bbox 776 1594 848 1623; x_wconf 85' lang='lat' dir='ltr'>imas</span> <span class='ocrx_word' id='word_1_134' title='bbox 870 1590 945 1629; x_wconf 88' lang='lat' dir='ltr'>petit</span> <span class='ocrx_word' id='word_1_135' title='bbox 959 1587 1072 1625; x_wconf 83' lang='lat' dir='ltr'>hospita</span> <span class='ocrx_word' id='word_1_136' title='bbox 1089 1588 1192 1614; x_wconf 81' lang='lat' dir='ltr'>terras:</span> 
     </span>
     <span class='ocr_line' id='line_1_24' title="bbox 449 1649 1262 1701; baseline -0.026 -4"><span class='ocrx_word' id='word_1_137' title='bbox 449 1667 656 1701; x_wconf 85' lang='lat' dir='ltr'>Curarumque</span> <span class='ocrx_word' id='word_1_138' title='bbox 671 1667 789 1698; x_wconf 84' lang='lat' dir='ltr'>experS‚</span> <span class='ocrx_word' id='word_1_139' title='bbox 812 1656 1007 1692; x_wconf 79' lang='lat' dir='ltr'>lacrimasque</span> <span class='ocrx_word' id='word_1_140' title='bbox 1029 1659 1118 1682; x_wconf 76' lang='lat' dir='ltr'>exosa</span> <span class='ocrx_word' id='word_1_141' title='bbox 1141 1649 1262 1685; x_wconf 77' lang='lat' dir='ltr'>Virago,</span> 
     </span>
     <span class='ocr_line' id='line_1_25' title="bbox 452 1715 1114 1764; baseline -0.029 -2"><span class='ocrx_word' id='word_1_142' title='bbox 452 1730 599 1763; x_wconf 80' lang='lat' dir='ltr'>Exsultat,</span> <span class='ocrx_word' id='word_1_143' title='bbox 624 1730 744 1764; x_wconf 86' lang='lat' dir='ltr'>totoque</span> <span class='ocrx_word' id='word_1_144' title='bbox 766 1722 857 1759; x_wconf 79' lang='lat' dir='ltr'>abigit</span> <span class='ocrx_word' id='word_1_145' title='bbox 876 1718 1001 1757; x_wconf 77' lang='lat' dir='ltr'>suspirIa</span> <span class='ocrx_word' id='word_1_146' title='bbox 1023 1715 1114 1746; x_wconf 88' lang='lat' dir='ltr'>coelo.</span> 
     </span>
    </p>

    <p class='ocr_par' dir='ltr' id='par_1_21' title="bbox 449 1778 1351 2095">
     <span class='ocr_line' id='line_1_26' title="bbox 449 1778 1351 1827; baseline -0.027 1"><span class='ocrx_word' id='word_1_147' title='bbox 449 1797 487 1827; x_wconf 88' lang='lat' dir='ltr'>Ut</span> <span class='ocrx_word' id='word_1_148' title='bbox 508 1794 589 1826; x_wconf 86' lang='lat' dir='ltr'>stetit</span> <span class='ocrx_word' id='word_1_149' title='bbox 609 1795 677 1822; x_wconf 85' lang='lat' dir='ltr'>ante</span> <span class='ocrx_word' id='word_1_150' title='bbox 699 1790 827 1822; x_wconf 85' lang='lat' dir='ltr'>Patrem,</span> <span class='ocrx_word' id='word_1_151' title='bbox 849 1789 1002 1823; x_wconf 83' lang='lat' dir='ltr'>terrasque</span> <span class='ocrx_word' id='word_1_152' title='bbox 1025 1781 1170 1812; x_wconf 85' lang='lat' dir='ltr'>adcedere</span> <span class='ocrx_word' id='word_1_153' title='bbox 1191 1778 1266 1808; x_wconf 90' lang='lat' dir='ltr'>iussa</span> <span class='ocrx_word' id='word_1_154' title='bbox 1288 1779 1351 1813; x_wconf 82' lang='lat' dir='ltr'>est3</span> 
     </span>
     <span class='ocr_line' id='line_1_27' title="bbox 452 1843 1192 1896; baseline -0.026 -4"><span class='ocrx_word' id='word_1_155' title='bbox 452 1860 608 1891; x_wconf 83' lang='lat' dir='ltr'>Mobilibus</span> <span class='ocrx_word' id='word_1_156' title='bbox 631 1857 720 1896; x_wconf 83' lang='lat' dir='ltr'>pictas</span> <span class='ocrx_word' id='word_1_157' title='bbox 742 1852 876 1884; x_wconf 87' lang='lat' dir='ltr'>humeris</span> <span class='ocrx_word' id='word_1_158' title='bbox 898 1846 1103 1880; x_wconf 85' lang='lat' dir='ltr'>adcommodat</span> <span class='ocrx_word' id='word_1_159' title='bbox 1124 1843 1192 1877; x_wconf 84' lang='lat' dir='ltr'>alas.</span> 
     </span>
     <span class='ocr_line' id='line_1_28' title="bbox 454 1908 1236 1962; baseline -0.026 -5"><span class='ocrx_word' id='word_1_160' title='bbox 454 1926 658 1962; x_wconf 82' lang='lat' dir='ltr'>Lenimenque</span> <span class='ocrx_word' id='word_1_161' title='bbox 679 1921 743 1950; x_wconf 84' lang='lat' dir='ltr'>viae</span> <span class='ocrx_word' id='word_1_162' title='bbox 765 1918 888 1949; x_wconf 85' lang='lat' dir='ltr'>comites</span> <span class='ocrx_word' id='word_1_163' title='bbox 910 1916 1005 1944; x_wconf 86' lang='lat' dir='ltr'>vocat.</span> <span class='ocrx_word' id='word_1_164' title='bbox 1028 1911 1108 1942; x_wconf 86' lang='lat' dir='ltr'>Ilicet</span> <span class='ocrx_word' id='word_1_165' title='bbox 1131 1908 1236 1939; x_wconf 82' lang='lat' dir='ltr'>adsunt</span> 
     </span>
     <span class='ocr_line' id='line_1_29' title="bbox 454 1977 1185 2025; baseline -0.027 0"><span class='ocrx_word' id='word_1_166' title='bbox 454 1992 601 2025; x_wconf 82' lang='lat' dir='ltr'>iucundae</span> <span class='ocrx_word' id='word_1_167' title='bbox 625 1990 687 2019; x_wconf 85' lang='lat' dir='ltr'>visu</span> <span class='ocrx_word' id='word_1_168' title='bbox 709 1986 794 2017; x_wconf 82' lang='lat' dir='ltr'>facies</span> <span class='ocrx_word' id='word_1_169' title='bbox 817 1983 999 2020; x_wconf 85' lang='lat' dir='ltr'>Cantusque,</span> <span class='ocrx_word' id='word_1_170' title='bbox 1023 1977 1185 2015; x_wconf 85' lang='lat' dir='ltr'>Chorique,</span> 
     </span>
     <span class='ocr_line' id='line_1_30' title="bbox 458 2037 1322 2095; baseline -0.027 -6"><span class='ocrx_word' id='word_1_171' title='bbox 458 2057 639 2095; x_wconf 83' lang='lat' dir='ltr'>Gaudiaque,</span> <span class='ocrx_word' id='word_1_172' title='bbox 662 2052 853 2089; x_wconf 86' lang='lat' dir='ltr'>Plaususque,</span> <span class='ocrx_word' id='word_1_173' title='bbox 876 2050 906 2077; x_wconf 87' lang='lat' dir='ltr'>et</span> <span class='ocrx_word' id='word_1_174' title='bbox 926 2043 1057 2076; x_wconf 81' lang='lat' dir='ltr'>honestis</span> <span class='ocrx_word' id='word_1_175' title='bbox 1078 2040 1196 2079; x_wconf 79' lang='lat' dir='ltr'>ignibus</span> <span class='ocrx_word' id='word_1_176' title='bbox 1218 2037 1322 2068; x_wconf 80' lang='lat' dir='ltr'>ardens</span> 
     </span>
    </p>
   </div>
  </div>
 </body>
</html>
