1621 2522
833 134 1007 164 —24-

421 200 498 231 Iussa
520 209 573 240 per
594 202 772 235 immensum
794 204 868 235 fama
889 206 1076 244 vulgavimus
1098 206 1211 237 orbem.

419 263 463 293 En
484 265 560 295 ridet
581 265 640 296 Pax
662 267 735 297 alma
756 268 828 298 tibi:
851 268 938 299 simul
960 277 1027 299 ecce
1048 271 1181 307 potentes

418 327 539 365 impulsi
561 328 653 364 coelo,
677 329 812 369 divisque
833 332 1000 361 auctoribus
1021 332 1088 367 acti,

418 389 495 420 Orbe
517 390 571 420 alio
593 395 752 430 properant
773 393 878 431 Reges.
903 393 1029 428 Salvete‚
1052 394 1131 424 beati

417 452 585 491 Aethiopes,
607 453 760 484 hominum
780 457 913 485 sanctum
934 463 1037 493 genus⁷
1061 458 1134 485 astra
1156 456 1266 486 secuti:

417 514 532 545 Scilicet
553 515 611 545 11110
631 516 738 546 vestris
760 517 877 547 adfertis
899 526 1021 548 munera
1043 518 1152 555 regnis.

416 577 522 615 Accipe
543 577 628 612 dona,
651 578 744 608 Puer:
770 582 869 616 tuque⁷
893 587 909 608 o
930 580 1107 610 sanctissima
1128 580 1232 616 Mater,

416 639 506 670 Sume
527 640 655 671 animos:
680 641 737 671 iam
759 644 787 671 te
809 641 979 680 populique,
1002 643 1149 682 ducesque
1170 643 1356 682 frequentant

415 703 514 733 Litore
535 703 570 733 ab
592 706 738 739 0111101110,
761 706 790 734 01
811 704 964 735 odoriferis
986 705 1170 736 Nabathaeis.

414 765 465 795 Ille
487 768 586 796 autem
608 768 705 795 aurata
727 765 842 803 fulgens
864 766 895 796 in
915 769 998 797 veste
1019 767 1153 798 sacerdos

415 829 475 858 lam
497 837 595 864 canus,
616 829 674 859 iam
696 831 811 859 maturo
833 830 1010 860 venerabilis
1032 839 1115 866 aevo,

412 892 484 928 Quid
506 893 561 922 sibi
582 892 668 922 vult?
690 901 783 922 sacras
806 893 936 923 Puerum
957 894 1008 931 qui
1029 893 1104 923 sistit
1125 893 1160 923 ad
1182 902 1254 929 aras,

412 955 459 985 Sic
479 956 642 985 venerans?
664 955 799 994 laetoque
820 956 982 994 inspectans
1003 956 1122 987 aethera
1144 956 1248 986 vultu?

412 1018 508 1056 Seque
530 1018 636 1049 dehine
658 1018 734 1048 facili
754 1018 924 1048 clausurum
945 1019 1054 1049 lumina
1076 1020 1144 1055 fato,

412 1080 578 1111 Exclamat:
602 1080 680 1118 quod
701 1083 852 1119 speratum
874 1090 927 1119 per
947 1081 1060 1112 saecula
1081 1090 1200 1117 munus,

410 1144 645 1181 Promissamque
667 1143 717 1173 11111
740 1151 852 1181 pacem,
877 1146 1048 1182 certamque
1070 1143 1195 1175 salutem

410 1206 579 1240 Terrarum,
603 1209 704 1236 exorta
726 1205 810 1235 liceat
832 1205 887 1235 sibi
910 1205 975 1236 luce
997 1207 1074 1236 tueri

409 1268 537 1307 Optanti‚
559 1268 735 1306 seniumque
756 1268 833 1302 ideo,
856 1268 1017 1307 Parcasque
1039 1268 1178 1298 trahenti.

409 1331 466 1361 Sed
488 1331 558 1368 quid
581 1339 635 1368 ego
656 1330 714 1361 heu
736 1330 798 1360 dira
820 1339 993 1369 conspersos
1015 1330 1103 1361 caede
1125 1334 1245 1369 penates

407 1393 563 1428 lnfantum,
587 1396 617 1423 et
636 1393 733 1423 subito
755 1396 910 1423 currentes
932 1394 1074 1431 sanguine
1095 1394 1173 1423 rivos

407 1455 563 1493 Adspicio?
586 1456 735 1494 tristisque
756 1464 836 1486 meas
858 1456 974 1493 vagitus
995 1455 1030 1485 ad
1052 1464 1137 1486 aures

406 1518 530 1548 Fertur?
553 1519 580 1548 io
601 1518 695 1548 scelus
716 1522 760 1548 est
781 1521 881 1557 partus
901 1519 1034 1556 iugulare
1056 1522 1201 1548 recentes.

407 1580 552 1615 Crudelis,
575 1580 645 1618 quid
667 1581 747 1618 agis?
769 1580 841 1610 nihil
864 1581 893 1610 hi
915 1589 1072 1612 meruere:
1096 1589 1192 1619 neque
1214 1580 1308 1616 illum,

406 1642 498 1678 Quem
520 1643 607 1681 petis,
629 1644 731 1673 insano
753 1645 869 1675 dabitur
890 1644 942 1675 tibi
964 1643 1091 1683 perdere
1112 1644 1202 1674 ferro.

405 1706 489 1736 Nunc
511 1715 599 1741 1111110,
622 1707 639 1735 o
660 1709 778 1741 matres,
802 1707 940 1737 scelerata
963 1706 1110 1737 abscedite
1132 1710 1220 1741 terra,

405 1769 483 1798 Dum
502 1768 581 1803 11001,
604 1768 693 1806 inque
714 1768 781 1798 sinu
802 1777 909 1806 pueros
930 1768 1097 1798 abscondite
1119 1770 1247 1797 vestros:

405 1831 478 1861 Nam
499 1831 577 1861 serus
598 1831 689 1860 hostis
711 1831 810 1861 adest:
833 1840 959 1870 propera
981 1832 1049 1866 iam,
1072 1831 1153 1868 regia
1171 1830 1274 1868 Virgo,

403 1894 492 1932 {nque
515 1894 698 1923 Paraetonias
720 1894 847 1924 transfer
869 1897 917 1924 tua
939 1894 1061 1933 pignora
1084 1896 1193 1924 terras:

403 1955 550 1986 Admonet
570 1956 624 1986 1100
645 1964 787 1994 magnum
810 1956 931 1986 Genitor
951 1957 1001 1995 qui
1024 1959 1170 1995 temperat
1190 1956 1303 1987 orbem.

403 2018 477 2048 Tuta
499 2018 613 2054 domus,
638 2018 751 2057 tutique
772 2018 830 2049 11110
853 2019 914 2054 tibi,
938 2019 1001 2055 Dia,
1025 2027 1167 2050 recessus.
