1621 2522
696 302 861 346 LIBER
894 302 1169 349 SECUNDUS

430 889 579 961 Regina
600 926 631 953 ut
652 924 763 954 subitos
784 925 844 955 imo
865 926 919 957 sub
942 929 1061 964 pectore
1082 930 1179 957 motus

430 992 538 1028 Sensit,
562 996 591 1023 et
613 993 721 1025 adflatu
743 994 836 1025 divini
858 995 990 1026 Numinis
1012 999 1094 1027 aucta
1115 999 1175 1027 est:

430 1061 514 1092 Haud
535 1070 629 1099 mora,
652 1063 785 1102 digressu
807 1064 935 1095 volucris
957 1073 1098 1103 suspensa
1121 1065 1257 1101 Ministri,

430 1132 586 1171 Exsurgit3
609 1137 785 1174 montesque
806 1135 908 1174 procul
930 1136 1079 1166 contendit
1099 1136 1130 1166 in
1150 1135 1222 1166 altos

429 1202 592 1234 Festinans.
616 1204 656 1235 Ea
678 1213 746 1236 cura
768 1205 865 1237 animo
888 1206 937 1236 vel
958 1206 1053 1245 prima
1074 1209 1223 1237 recursat:

427 1270 589 1302 Matronam
611 1272 754 1303 defessam
776 1281 859 1310 aevo,
882 1274 927 1305 cui
949 1273 1026 1305 nulla
1049 1274 1172 1304 fuissent

427 1336 509 1368 Dona
531 1339 608 1369 uteri
630 1339 754 1378 (mirum
775 1340 868 1379 dictu)
891 1340 949 1370 iam
969 1340 1107 1379 segnibus
1129 1340 1211 1371 annis

426 1404 624 1443 Foecundam‚
645 1408 782 1447 sextique
802 1416 924 1446 gravem
946 1408 1000 1439 sub
1022 1407 1153 1447 pondere
1174 1407 1282 1438 mensis

426 1472 562 1504 Protinus
583 1474 684 1511 adfari,
707 1483 871 1514 vocemque
893 1475 996 1507 audire
1018 1475 1175 1515 loquentis,

425 1542 464 1572 Et
482 1545 616 1581 spectare
637 1544 728 1575 oculis
748 1544 841 1574 sterili
864 1544 929 1575 data
949 1544 1074 1582 Pignora
1093 1543 1187 1574 Matri.

426 1609 506 1647 Ergo
528 1609 659 1642 adcincta
680 1612 756 1648 viae,
779 1612 876 1642 nullos
896 1611 1024 1642 studiosa
1046 1613 1164 1649 paratus

425 1675 571 1713 Induitur‚
593 1676 674 1708 nullo
695 1677 823 1717 disponit
844 1681 962 1716 pectora
984 1677 1083 1708 cultu:

424 1742 551 1774 Tantum
572 1743 638 1775 albo
660 1744 755 1775 crines
776 1745 888 1775 iniectu
909 1744 998 1775 vestis
1020 1744 1205 1778 inumbrans,

423 1810 520 1847 Qualis
540 1811 623 1842 stella
643 1812 729 1848 nitet,
753 1812 865 1842 tardam
885 1820 960 1851 quae
981 1811 1085 1842 circuit
1105 1811 1215 1841 Arcton

422 1879 552 1911 Hiberna
572 1880 626 1911 suh
649 1882 754 1911 nocte:
778 1883 828 1911 aut
848 1880 991 1910 matutina
1012 1886 1171 1917 resurgens

422 1948 555 1979 Aurora:
579 1951 631 1979 aut
652 1948 703 1979 ubi
724 1948 781 1979 iam
803 1948 918 1979 Oceano
940 1946 989 1978 Sol
1011 1954 1117 1977 aurens
1140 1946 1212 1976 exit.

423 2017 543 2057 Quaque
563 2017 652 2056 pedes
673 2019 785 2052 movet,
808 2015 862 2047 hac
883 2015 989 2046 casiam
1010 2018 1087 2046 terra
1109 2014 1183 2045 alma
1204 2013 1364 2048 ministrat,
