1621 2522
833 126 1028 157 —102n-

429 194 466 224 Et
486 194 622 234 (mirum)
644 195 772 226 insuetas
793 205 917 228 curvare
939 197 1088 228 cacumina
1109 197 1195 227 silvas

427 259 589 299 Adspicies.
613 260 732 297 Quoties
753 261 888 292 humenti
909 262 939 292 in
960 262 1093 300 gramine
1113 262 1195 301 ripae

426 326 485 357 Aut
506 327 653 358 solantem
676 330 783 363 aestus,
806 331 856 358 aut
876 327 956 357 lenes
977 330 1099 366 pectore
1118 335 1235 357 somnos

430 393 617 431 Carpentem,
641 391 723 422 tenui
744 390 896 422 adsuesces
915 391 1048 422 mulcere
1069 393 1208 422 susurro!

427 457 520 488 Macte
542 458 599 488 tuis
621 457 726 488 merito
746 456 828 496 ripIs,
851 460 946 488 macte
967 457 1103 488 omnibus
1124 456 1221 487 undis.

426 522 471 552 Ad
494 525 521 553 te
544 522 676 562 deposito
698 522 900 561 properabunt
920 522 1048 553 Numina
1069 523 1160 553 fastu:

426 588 649 627 Nudabuntque
669 596 764 618 sacros
786 591 877 624 artus,
900 591 929 618 et
950 588 1078 619 carmina
1100 587 1197 618 dIcent

425 652 470 683 Ad
490 661 666 684 numerum:
689 661 783 692 quum
807 656 838 684 tu
858 653 928 684 felix
950 653 1008 683 iam
1030 653 1153 684 flumine
1174 656 1274 683 sancto

424 718 585 750 Auctorem
605 727 717 753 rerum,
740 718 918 757 Divumque,
940 718 1154 758 hominumque
1174 718 1330 749 Parentem

425 784 547 823 (Tantus
568 784 670 820 honos,
694 784 755 815 laus
777 787 855 814 tanta
877 787 938 820 tuo,
962 784 1027 814 Rex
1047 783 1187 820 maxime,
1209 783 1299 822 fonti)

424 849 557 879 Exutum
577 852 661 879 veste
682 849 821 888 accipies:
844 852 932 888 atque
953 849 1068 888 hospite
1091 852 1171 879 tanto

423 913 593 950 Adtonitus,
615 914 744 952 trepidas
765 915 922 945 hortabere
943 922 1015 945 voce
1038 914 1184 952 Napaeas:

423 981 465 1011 lte
486 981 571 1016 citae,
595 980 662 1010 date
685 984 749 1011 tura
770 980 832 1019 pias
853 980 996 1011 adolenda
1018 988 1071 1019 per
1092 989 1166 1016 aras,

423 1046 585 1077 Coeruleae
606 1046 744 1077 comites:
768 1046 915 1085 viridique
936 1046 1038 1077 sedilia
1059 1055 1161 1077 musco

422 1112 560 1142 Instruite
573 1134 581 1148 ,
604 1115 634 1143 et
653 1112 757 1143 vitreis
777 1112 950 1152 suspendite
971 1115 1049 1143 serta
1071 1112 1229 1143 columnis:

423 1176 587 1214 Purpureas
609 1176 731 1207 miscete
752 1185 851 1212 rosas,
871 1176 994 1207 miscete
1015 1176 1198 1215 hyacinthos,

420 1240 564 1280 Lfliaque,
587 1244 616 1272 et
637 1241 760 1280 pulchro
782 1242 895 1280 Regem
916 1242 1102 1281 conspergite
1123 1242 1235 1272 nimbo.

500 1306 580 1337 Tunc
601 1314 710 1337 nomen
731 1307 788 1337 late
810 1307 921 1338 clarum
942 1306 1073 1338 Iordanis
1094 1306 1129 1337 ad
1152 1315 1239 1337 auras

419 1371 570 1402 Adtollent
589 1376 722 1403 montes:
746 1372 902 1403 Iordanem
922 1373 1050 1403 maxima
1071 1373 1183 1403 circum

418 1436 567 1475 Aequora,
588 1436 742 1467 Iordanem
762 1437 925 1476 silvaeque,
947 1445 1108 1476 amnesque
1129 1437 1283 1468 sonabunt.

419 1500 469 1530 Illa
490 1503 589 1531 autem
609 1500 746 1531 humanis
767 1501 901 1540 quamvis
922 1500 1014 1532 latura
1035 1502 1129 1532 ruinis

415 1562 567 1596 Auxilium
590 1566 740 1605 finemque
762 1566 836 1603 dies,
858 1567 1023 1605 gratissima
1043 1567 1176 1606 quamvis

416 1631 545 1662 Urbibus
567 1632 714 1669 adveniat,
738 1636 892 1672 totumque
913 1633 1038 1672 optanda
1060 1641 1113 1672 per
1135 1634 1254 1671 orbem;

415 1697 601 1727 Fluminibus
624 1700 733 1734 tamen,
757 1701 786 1729 et
806 1698 913 1729 nostris
934 1698 1048 1729 felicior
1068 1698 1154 1729 undis

415 1761 460 1801 (Si
481 1770 538 1800 qua
560 1762 645 1798 fides,
667 1763 691 1793 si
712 1771 770 1802 qua
792 1766 835 1793 est
855 1764 919 1795 veri
940 1763 1095 1802 prudentia
1116 1764 1233 1800 Proteo)

416 1825 557 1856 Ostendet
578 1834 677 1856 roseos
699 1827 790 1858 stellis
813 1827 978 1859 ridentibus
999 1831 1091 1859 ortus.

413 1889 656 1928 Quandoquidem
677 1899 738 1921 non
761 1891 888 1928 divitias,
908 1900 967 1923 non
988 1894 1109 1931 quaeret
1129 1892 1256 1922 honores

413 1954 464 1984 Ille
486 1954 577 1985 Patris
598 1955 693 1987 Decus
715 1965 747 1987 ac
770 1957 882 1994 Virum,
905 1957 1039 1988 mortalm
1060 1961 1213 1997 postquam

414 2018 545 2051 Membra
565 2020 620 2052 sibi
641 2024 670 2052 et
689 2021 808 2061 fragiles
830 2023 888 2055 iam
909 2026 1013 2063 sponte
1034 2023 1183 2055 induxerit
1202 2026 1299 2054 artus:
