1621 2522
802 160 844 166 -
868 143 888 173 8
913 159 956 165 -

462 212 564 251 Tuque
585 212 656 243 adeo
676 220 742 251 spes
764 213 819 243 fida
840 213 1004 248 hominum,
1025 220 1090 252 spes
1111 211 1167 242 fida
1188 212 1335 247 Deorum,

385 278 468 309 Alma
490 280 608 316 Parens,
629 289 718 319 quam
738 280 819 311 mille
839 281 924 315 acies,
947 288 1081 318 quaeque
1102 280 1227 310 aetheris
1249 257 1297 309 alti

383 346 484 377 Militia
506 350 558 383 est,
581 347 703 378 totidem
724 356 837 383 currus,
860 351 902 377 tot
922 347 1014 384 signa,
1037 347 1194 385 tubaeque,

384 413 438 444 Tot
458 414 523 444 litui
544 415 733 451 comitantur,
754 415 911 454 ovantique
933 414 1047 452 agmina
1069 422 1142 452 gyro

382 481 610 518 Adglomerant:
634 484 727 514 niveis
748 484 800 514 tibi
820 484 844 513 si
865 483 1005 514 solemnia
1026 482 1143 521 templis

383 548 465 579 Serta
486 550 604 581 damus:
628 552 652 581 si
673 560 822 582 mansuras
845 552 896 582 tibi
918 552 1052 590 ponimus
1073 559 1134 581 aras

383 615 488 647 Exciso
510 617 540 647 in
561 618 689 656 scopulo,
712 618 818 648 fluctus
838 618 918 648 unde
939 625 1027 648 aurea
1048 625 1132 648 canos

380 681 562 720 Despiciens‚
586 683 662 713 celso
682 691 714 713 se
735 683 863 714 culmine
884 683 1052 721 Mergilline

381 747 514 784 Adtollit,
536 748 690 787 nautisque
712 749 812 788 procul
833 749 1022 780 venientibus
1044 749 1145 779 offert:

382 815 412 847 Si
431 815 531 847 laudes
553 816 590 847 de
611 825 694 847 more
714 820 788 852 tuas,
810 817 834 847 si
854 826 944 852 sacra,
967 817 1115 855 diemque,

381 881 423 911 Ac
444 884 542 912 coetus
563 881 620 912 late
642 882 781 920 insignes,
804 882 937 921 ritusque
959 882 1099 917 dicamus,

382 950 485 980 Annua
507 950 595 980 felicis
618 950 738 981 colimus
760 950 830 981 dum
852 950 955 988 gaudia
975 954 1090 989 partus:

381 1015 425 1045 Tu
446 1018 543 1046 vatem
564 1015 759 1053 ignarumque
781 1015 857 1051 viae,
880 1015 1087 1053 insuetumque
1110 1014 1213 1048 labori,

380 1078 465 1115 Diva,
487 1087 585 1114 mone,
608 1082 637 1109 et
658 1078 771 1117 pavidis
792 1079 849 1109 iam
871 1078 944 1109 laeta
965 1078 1100 1109 adlabere
1121 1078 1241 1117 coeptis.

459 1144 580 1175 Viderat
601 1144 736 1175 aetherea
758 1151 899 1182 superum
921 1144 1070 1181 Regnator
1091 1144 1126 1174 ab
1148 1152 1214 1173 arce

380 1206 516 1245 Undique
537 1206 671 1237 collectas
691 1206 801 1237 vectari
822 1207 853 1236 in
876 1206 993 1236 Tartara
1015 1205 1151 1245 praedas:

380 1271 627 1309 Tisiphonemque
651 1271 709 1301 imo
732 1273 888 1300 conantem
911 1271 1013 1299 cuncta
1033 1267 1177 1307 profundo

379 1334 516 1370 Vertere,
540 1338 569 1364 et
591 1334 734 1364 immanes
755 1332 955 1363 stimulantem
977 1331 1012 1360 ad
1035 1330 1097 1360 dira
1118 1330 1256 1360 Sorores:

381 1397 440 1427 Nec
462 1398 520 1427 iam
541 1397 654 1427 homini
675 1396 824 1435 prodesse,
848 1395 905 1425 alto
925 1394 1004 1433 quod
1025 1393 1138 1424 semina
1159 1392 1239 1423 coelo

380 1459 517 1494 Duceret,
541 1462 590 1490 aut
610 1459 707 1489 varios
727 1458 859 1489 animum
880 1456 1054 1487 excoluisset
1075 1455 1109 1485 ad
1131 1463 1215 1486 usus:

379 1522 505 1552 Tantum
527 1522 657 1552 letiferae
677 1523 812 1560 poterant
832 1519 964 1557 contagia
985 1518 1096 1557 culpae.

380 1584 454 1615 Tum
477 1587 578 1622 pectus
600 1585 685 1614 Pater
706 1587 827 1614 aeterno
848 1590 1004 1613 succensus
1027 1588 1137 1615 amore,

379 1647 426 1678 Sic
446 1654 562 1677 secum:
588 1645 696 1684 Ecquis
717 1645 774 1675 erit
796 1645 880 1675 finis?
902 1644 1027 1674 tantisne
1049 1645 1203 1681 parentum

378 1708 474 1738 Prisca
495 1708 576 1739 luent
596 1708 699 1746 poenis
720 1707 778 1737 seri
800 1706 952 1737 commissa
974 1706 1115 1744 nepotes?

378 1771 417 1802 Ut
437 1780 509 1810 quos
529 1771 660 1801 victuros
682 1778 810 1808 semper⁷
833 1777 1034 1808 superumque
1055 1775 1184 1799 crearem

377 1835 456 1866 Pene
478 1842 573 1873 pares,
596 1833 671 1863 tristi
693 1833 785 1872 patiar
805 1833 998 1863 succumbere
1019 1831 1088 1861 leto.

377 1897 579 1935 Informesque
600 1894 713 1930 domOS‚
735 1895 918 1933 obscuraque
938 1901 1028 1931 regna
1049 1892 1167 1922 subire?

378 1959 443 1989 Non
464 1959 521 1989 ita:
544 1958 595 1988 sed
618 1957 727 1987 Divum
749 1957 845 1996 potius
867 1959 1046 1986 revocentur
1068 1955 1103 1985 ad
1126 1963 1200 1989 oras,

378 2022 416 2052 Ut
438 2021 532 2057 decet,
555 2024 585 2051 et
605 2027 747 2052 manuum
768 2022 892 2058 poscunt
914 2026 1002 2057 opera
1025 2017 1080 2048 alta
1100 2024 1250 2048 mearum:
