1621 2522
843 120 884 128 ...
910 107 950 138 22
974 124 1016 130 -.

512 166 626 199 Interea
647 178 747 202 manes
768 173 919 206 descendit
940 177 1014 208 fama
1035 179 1090 210 sub
1111 180 1196 217 imos,

432 230 635 274 Pallentesque
657 237 758 270 domos
778 241 857 272 veris
878 245 1048 276 rumoribus
1068 247 1188 286 implet:

430 300 567 339 optatum
588 305 746 338 adventare
767 308 858 347 diem,
880 320 938 350 quo
962 313 1051 344 tristia
1072 314 1206 354 linquant

429 367 559 406 Tartara,
580 374 610 401 et
632 373 732 404 evictis
753 375 865 414 fugiant
886 378 1050 412 Acheronta
1072 384 1213 420 tenebris,

428 433 650 476 Immanemque
670 439 826 479 ululatum,
849 448 879 475 et
898 454 957 477 non
978 446 1113 479 laetabile
1131 459 1268 483 murmur

428 499 598 539 Tergemini
620 505 718 542 Canis,
741 508 864 541 adverso
884 512 934 551 qui
956 515 1080 545 carceris
1102 520 1185 548 antro

424 568 558 601 Excubat
578 572 719 605 insomnis
738 585 867 617 semper,
889 580 1024 621 rictuque
1044 584 1159 616 trifauci

422 635 621 676 Horrendum,
643 642 812 676 stimulante
834 647 921 684 fame,
942 650 996 680 sub
1018 654 1105 682 nocte
1126 653 1267 690 profunda

421 703 570 743 Personat,
594 712 623 739 et
644 718 743 742 morsu
765 714 917 746 venientes
938 716 1049 756 adpetit
1069 720 1200 751 umbras.

420 770 495 803 Tum
516 782 588 805 vero
609 776 720 809 Heroes
740 779 849 817 laetati,
873 783 1047 824 animaeque
1068 787 1184 826 piorum

417 837 465 867 Ad
487 840 602 872 coelum
623 846 734 874 erectas
756 852 918 886 coeperunt
938 850 1061 883 tendere
1081 853 1202 892 palmas.

416 903 514 944 Atque
535 906 582 937 hic
604 909 726 948 insignis
747 911 847 949 funda,
869 915 1038 956 citharaque
1059 918 1193 957 decorus,

416 971 541 1011 Insignis
562 981 680 1015 sceptro
701 980 810 1016 senior,
833 989 886 1019 per
907 990 994 1021 opaca
1015 984 1147 1016 locorum

413 1039 491 1071 Dum
511 1042 656 1080 graditur,
679 1047 830 1086 flectitque
850 1057 946 1080 sacros
967 1050 1132 1083 diademate
1154 1054 1266 1085 crines:

413 1107 491 1138 Dum
512 1108 584 1147 legit
605 1112 726 1143 effoetos
747 1115 875 1146 Lethaeo
896 1116 927 1147 in
949 1119 1081 1159 gramine
1103 1120 1202 1157 flores,

410 1173 470 1210 Qua
492 1177 578 1208 tacite
600 1178 740 1211 labuntur
760 1191 862 1222 aquae,
885 1188 1044 1225 mutaeque
1065 1187 1200 1218 volucres

410 1241 527 1273 Ducunt
548 1253 601 1283 per
621 1247 735 1278 steriles
757 1253 874 1281 aeterna
895 1252 1010 1283 silentia
1031 1262 1145 1285 ramos:

408 1308 548 1341 Adtonita
569 1313 679 1343 subitos
700 1317 834 1354 concepit
854 1322 954 1350 mente
976 1320 1101 1357 furores,

406 1376 600 1418 Divinamque
621 1382 765 1414 animam:
790 1388 820 1416 et
841 1392 979 1419 consueto
999 1391 1123 1422 numine
1144 1392 1258 1431 plenus,

404 1442 579 1483 Interquens
601 1448 710 1485 oculos,
734 1452 885 1483 venientia
906 1454 961 1485 fata
984 1461 1127 1488 recenset.

482 1513 620 1550 Nascere,
643 1516 748 1556 Magne
769 1519 857 1556 Puer,
880 1525 994 1553 nostros
1014 1532 1104 1562 quem
1124 1525 1242 1557 solvere
1262 1535 1368 1564 nexus,

402 1576 440 1607 Et
461 1581 554 1610 tantos
576 1581 700 1614 Genitor
720 1585 815 1617 voluit
835 1589 969 1626 perferre
990 1590 1115 1622 labores.

400 1644 504 1683 Magne
528 1647 616 1685 Puer,
638 1652 684 1681 cui
705 1661 736 1683 se
758 1654 830 1685 haec
851 1657 968 1688 tandem
990 1658 1138 1698 spolianda
1160 1665 1312 1693 reservant

397 1711 508 1750 Regna,
534 1718 575 1745 tot
595 1717 654 1747 heu
676 1719 790 1750 miseris
813 1722 968 1755 hominum
990 1726 1079 1756 ditata
1099 1727 1208 1757 ruinis:

399 1779 537 1818 Nascere,
559 1788 720 1816 venturum
741 1788 765 1817 si
787 1791 816 1819 te
838 1792 1012 1823 mortalibus
1033 1794 1104 1825 olim

396 1848 520 1880 Pectore
541 1852 672 1883 veridico
692 1856 902 1893 promisimus:
926 1860 1031 1898 igneus
1053 1865 1085 1892 ut
1107 1871 1159 1893 nos

396 1917 516 1950 Viribus
538 1920 658 1952 adflatos
680 1923 853 1963 coelestibus
875 1927 962 1958 ardor
983 1929 1087 1966 agebat

394 1985 563 2018 insinuans:
586 1989 610 2019 si
631 1998 710 2022 sacra
732 1993 912 2030 peregimus,
936 1997 965 2025 et
987 1998 1033 2026 tua
1055 1996 1111 2028 late
