1621 2522
793 161 836 166 —
862 141 921 173 106
944 157 987 162 —

394 216 527 256 Lympha
549 224 628 251 suos,
651 214 727 245 iussa
748 213 898 243 insuetum
917 217 1054 250 spumare
1075 215 1192 246 capaces

393 286 448 316 Per
470 287 593 324 pateras,
616 284 756 322 largeque
777 288 889 312 novum
910 277 1077 309 diffundere
1098 278 1210 311 nectar,

395 351 433 381 Et
453 359 568 381 mensas
590 349 727 384 hilarare,
751 351 781 379 et
802 346 899 378 felices
920 346 1112 385 hymenaeos.

398 418 458 448 Nec
478 417 571 449 semel
592 417 641 447 ille
662 415 754 446 altum
774 414 865 446 remis
886 416 1007 444 evectus
1028 412 1060 442 in
1081 418 1201 449 aequor,

396 486 493 522 Quum
514 486 571 515 iam
593 485 730 515 frustrato
750 482 843 513 socios
864 481 986 513 rediisse
1006 479 1106 510 labore

397 552 539 591 Accipiet,
560 550 668 590 praeda
690 549 805 589 ingenti
826 548 941 584 ditabit,
965 550 994 578 et
1013 546 1088 578 udos

399 618 627 658 squamigerum
647 620 738 648 strata
761 615 894 647 cumulos
916 616 1044 654 exponet
1065 613 1096 643 in
1116 612 1189 650 alga.

402 690 493 719 lratos
516 688 605 719 etiam
626 687 746 722 fluctus,
769 684 953 723 tumidasque
974 680 1127 722 procellas,

401 757 617 795 Miscentesque
639 755 698 785 imo
720 753 868 785 turbatam
888 751 1007 790 gurgite
1027 756 1158 784 arenam,

402 826 522 864 lamque
541 824 710 864 superiecto
730 830 878 853 mersuras
899 827 1028 859 aequore
1048 817 1182 859 puppim,

403 891 530 931 Imperio
553 893 669 930 premet
690 888 879 928 increpitans.
905 886 997 917 Cadet
1017 884 1125 916 arduus
1145 883 1242 915 undae

405 964 551 1003 Impetus:
575 965 663 1001 atque
684 960 799 991 audisse
819 958 960 990 minantis
981 957 1057 987 iussa
1078 958 1197 995 putares

406 1039 573 1076 Eurosque,
596 1036 817 1075 Zephyrosque,
840 1037 870 1065 et
891 1035 1012 1064 ovantes
1032 1029 1153 1062 turbine
1176 1029 1277 1059 Coros.

487 1110 562 1148 Quid
583 1110 698 1149 loquar,
719 1112 753 1140 ut
772 1107 892 1146 gemino
912 1113 1083 1138 numerosas
1103 1103 1181 1142 pisce
1202 1104 1344 1135 catervas,

408 1188 532 1219 Munere
554 1189 583 1216 et
605 1185 714 1223 exiguo
738 1183 870 1219 Cereris,
891 1179 1060 1212 miserabile
1081 1178 1199 1217 vulgus,

411 1260 529 1295 Matres,
552 1261 640 1296 atque
661 1257 741 1287 viros
763 1255 873 1294 pariter
893 1262 947 1292 per
967 1252 1101 1291 gramina
1121 1252 1236 1289 pascet:

412 1327 450 1357 Ut
471 1328 529 1357 iam
551 1326 595 1357 bis
616 1325 695 1356 senis
715 1323 839 1354 redeant
858 1322 1025 1360 fragmenta
1046 1317 1198 1350 canistris?

490 1395 550 1427 Aut
570 1395 748 1434 intempesta
769 1391 906 1432 gradiens
927 1393 960 1422 ut
980 1392 1066 1420 noete
1086 1395 1139 1427 per
1160 1385 1251 1416 altum

415 1467 521 1498 Libera
541 1466 687 1497 substrato
708 1466 800 1503 ponet
819 1462 941 1501 vestigia
963 1463 1072 1500 ponto:

416 1539 534 1577 Vixque
555 1536 647 1567 undas
667 1535 743 1566 sicco
764 1537 866 1573 tanget
887 1533 984 1573 pede?
1006 1530 1117 1562 scilicet
1137 1528 1187 1559 olli

416 1609 574 1640 Adnabunt
595 1595 719 1639 blandae
741 1605 895 1637 Nereides.
919 1603 1047 1635 Humida
1068 1601 1174 1641 passim

420 1683 558 1713 Sternent
578 1688 609 1710 se
630 1680 721 1711 freta:
744 1682 808 1709 tum
829 1677 919 1708 fundo
941 1675 1096 1715 Neptunus
1117 1673 1153 1703 ab
1172 1672 1233 1702 imo

419 1755 552 1789 Excstus,
576 1754 715 1790 agnoscet
735 1750 914 1780 Dominum:
938 1748 1093 1787 positoque
1114 1742 1254 1778 tridente,

421 1827 498 1857 Cum
519 1824 643 1860 Phorco,
667 1822 847 1860 Glaucoque,
870 1823 900 1851 et
920 1819 1058 1851 semifero
1080 1815 1220 1847 comitatu

424 1891 569 1927 Prosiliet‚
592 1888 785 1929 trepidusque
806 1887 894 1919 sacris
915 1886 996 1917 dabit
1016 1883 1112 1915 oscula
1133 1880 1248 1921 plantis.

425 1964 483 1996 Sed
504 1963 575 2003 quid
596 1971 651 2001 ego
677 1960 745 1992 exili
765 1963 868 1990 vectus
889 1966 978 1998 super
999 1957 1055 1987 alta
1077 1954 1195 1994 phaselo

426 2038 537 2068 Cuncta
558 2043 665 2074 sequor
684 2031 872 2064 memorans?
894 2038 953 2061 non
973 2028 997 2059 si
1018 2026 1168 2059 Parnassia
1189 2024 1288 2056 Musae
