1621 2522
794 152 962 182 „12-

385 232 464 269 Ergo
486 237 550 267 age,
573 227 734 263 nubivagos
754 222 859 254 molire
882 229 935 260 per
956 226 1021 249 aera
1043 224 1177 255 gressus:

385 293 610 329 Deveniensque
631 289 741 321 locum,
763 287 851 315 castas
872 284 944 313 haec
964 282 1059 311 iussus
1080 278 1115 308 ad
1137 284 1221 307 aures

386 354 500 384 Effare:
525 356 553 382 et
574 350 705 389 pulchris
727 348 913 378 cunctantem
934 341 1097 373 hortatibus
1115 338 1220 377 imple:

387 414 628 453 Quandoquidem
650 420 743 450 genus
764 418 780 439 e
802 407 904 446 stygiis
924 403 1046 435 mortale
1070 400 1200 432 tenebris

389 477 512 515 Eripere
534 478 577 505 est
597 473 721 508 animus,
745 475 905 506 saevosque
927 472 1028 496 arcere
1048 462 1172 492 labores.

469 539 606 569 Dixerat:
630 536 681 566 1116
703 534 793 564 31111111
816 529 957 569 Zephyris
978 535 1031 565 per
1051 526 1139 556 inane
1160 521 1269 552 vocatis

391 603 490 641 Carpit
510 602 577 635 iter,
599 597 705 629 scindit
727 595 859 630 nebulas,
882 596 969 631 atque
991 598 1056 620 aera
1079 589 1173 618 tranat

392 667 452 696 11113
473 666 587 703 petens,
610 666 780 700 pronusque
802 657 883 687 leves
904 655 955 684 vix
977 652 1144 682 commovet
1166 647 1234 677 alas.

393 727 499 764 Qualis,
522 725 572 756 ubi
594 732 632 753 ex
654 722 711 752 alto
733 720 809 751 notis
830 715 995 748 Maeandria
1016 713 1087 751 ripis

393 789 546 828 Prospexit
568 787 651 821 vada,
674 793 726 815 5611
748 781 851 822 placidi
874 783 975 817 stagna
996 775 1090 814 ampla
1112 770 1226 811 Caystri

395 852 589 891 Praecipitem
611 858 642 879 se
662 857 693 879 56
715 845 851 877 candenti
873 849 995 881 corpore
1017 846 1125 877 cycnus

398 916 485 946 Mittit
507 922 606 951 agens,
631 913 748 948 iamque
769 906 917 946 implumis
938 903 1093 941 segnisque.
1114 898 1233 929 videtur

398 980 461 1017 lpse
482 976 548 1012 sibi,
571 975 663 1004 donec
686 971 804 1002 tandem
824 969 953 1008 potiatur
975 964 1077 995 amatis

398 1041 500 1071 Victor
522 1038 618 1076 aquis:
643 1036 683 1065 sic
704 1034 752 1064 1116
774 1040 858 1062 auras
880 1029 1033 1066 nubesque
1053 1024 1178 1055 secabat.

399 1103 451 1132 Ast
472 1100 523 1132 ubi
544 1098 713 1138 palmiferae
735 1097 829 1125 tractu
850 1092 931 1122 stetit
952 1089 1026 1119 altus
1047 1087 1174 1119 1111111165,

401 1164 546 1202 Reginam
567 1160 644 1192 haud
666 1158 792 1190 humiles
813 1155 983 1186 volventem
1005 1153 1123 1189 pectore
1145 1154 1228 1176 curas

403 1226 549 1265 Adspicit:
574 1229 660 1263 atque
682 1222 723 1252 illi
745 1223 861 1250 veteres
883 1217 920 1247 de
942 1222 1025 1245 more
1047 1210 1174 1250 sybillae

405 1292 437 1321 ln
457 1289 609 1320 manilius:
635 1290 697 1316 tum
718 1284 742 1314 si
763 1291 819 1322 qua
841 1288 913 1311 aevo
935 1274 1092 1308 reseranda
1112 1274 1253 1311 nepotum

404 1352 525 1384 Fatidici
546 1353 621 1381 casto
644 1348 815 1378 cecinerunt
836 1346 955 1382 pectore
976 1342 1067 1370 vates.

406 1418 498 1455 Ipsam
521 1417 620 1444 autem
641 1416 775 1441 securam
798 1406 887 1437 animi
908 1404 1073 1439 laetamque
1091 1397 1210 1428 videres

406 1479 564 1509 Auctorem
586 1481 704 1513 sperare
725 1478 829 1502 sunm:
853 1473 982 1504 namque
1004 1462 1103 1493 adfore
1126 1463 1253 1497 tempus,

407 1541 469 1577 Quo
490 1547 571 1569 sacer
593 1536 739 1567 aethereis
760 1532 894 1571 delapsus
915 1527 1041 1567 Spiritus
1063 1523 1147 1554 astris

409 1605 578 1640 lncitwrupta
601 1600 666 1638 piae
687 1595 849 1634 compleret
870 1592 982 1622 viscera
1003 1587 1113 1620 Matris,

412 1665 563 1696 Audierat.
588 1661 665 1691 Proh
686 1661 793 1697 quanta
814 1655 863 1685 alti
885 1650 1052 1684 reverentia
1076 1646 1156 1678 Coeli

412 1727 554 1765 virgineo
576 1725 605 1754 in
627 1710 712 1753 vultu
735 1721 795 1750 6511
819 1716 917 1748 0611105
939 1714 1052 1745 deiecta
1073 1708 1220 1740 modestos

414 1791 563 1829 Suspirat:
588 1787 771 1823 Matremque
792 1782 847 1811 Dei
868 1777 1016 1809 venientis
1037 1773 1153 1804 adorat:

417 1855 605 1891 Felicemque
626 1849 719 1883 illam,
743 1847 870 1876 humana
893 1850 945 1872 nec
965 1840 1033 1876 lege
1054 1837 1180 1866 creatam

418 1918 510 1955 Saepe
532 1917 631 1945 vocat:
655 1920 710 1941 nec
732 1910 802 1939 dum
823 1907 884 1946 ipsa
906 1912 974 1935 51105
995 1902 1053 1931 13111
1074 1897 1161 1929 sentit
1182 1895 1324 1924 honores:

419 1980 515 2017 Quum
536 1978 633 2009 subito
654 1984 691 2006 ex
713 1973 769 2003 alto
789 1969 908 2001 Iuvenis
930 1964 1072 1996 demissus
1094 1960 1230 1998 Olympo,

420 2043 588 2081 Purpureos
609 2035 717 2074 retegit
737 2032 855 2063 vultus:
879 2028 1056 2064 Numenque
1076 2020 1223 2061 professus
