1621 2522
814 138 857 146 ..-
881 121 922 152 56
947 138 991 145 -.

399 188 510 224 Litora,
526 193 716 221 moerentum
736 191 835 230 spoliis
858 194 1031 227 onerantur,
1048 194 1077 222 et
1099 192 1170 223 altos

399 267 535 299 Insiliunt
556 268 628 299 nudi
650 269 783 300 cumulos
805 270 945 301 exstantis
967 279 1085 306 arenae,

399 344 490 383 Inque
510 353 576 375 suas
597 348 718 376 vertunt
740 346 833 377 aliena
854 347 985 386 pericula
1006 348 1138 385 praedas.

396 419 548 451 Postremo
570 420 660 457 Psilli,
677 421 938 461 Garamanticaque
960 431 1030 453 arva
1053 425 1195 453 tenentes:

396 495 510 535 Quique
532 496 680 536 Cyreneas
700 498 884 538 suspendunt
904 506 1027 529 vomere
1048 498 1158 536 glebas,

395 571 597 612 Laudatasque
618 572 723 612 legunt
742 574 834 605 succis
856 575 1070 613 praestantibus
1092 575 1209 605 herbas.

394 648 509 688 Quique
529 649 605 680 Iovis
628 650 764 689 palmeta,
781 650 1036 690 Hasbytarumque
1057 660 1201 683 recessus:

392 723 577 755 Marmaricas
598 725 648 764 qui
670 725 729 757 late
750 734 824 757 oras:
848 727 899 766 qui
921 735 1026 766 pascua
1045 731 1164 758 servant

393 800 533 840 Aegypti,
550 801 736 841 Meroesque,
752 811 834 833 sacer
855 811 929 842 quos
950 802 1033 834 Nilus
1055 803 1189 839 inundat,

393 876 476 907 Nilus
497 877 532 908 ab
555 877 694 908 aethereo
716 877 827 908 ducens
850 878 993 909 cunabula
1015 878 1108 909 coeIO.
1195 858 1197 864 .

472 954 532 984 Nec
554 955 652 985 minus
675 957 704 984 et
725 957 800 985 casta
822 955 923 985 senior
944 963 1010 985 cum
1034 955 1160 993 Virgine
1183 954 1288 985 Custos

389 1030 460 1064 lbat,
477 1033 510 1060 ut
525 1030 555 1060 in
578 1030 671 1068 patria
693 1038 804 1060 nomen
827 1030 863 1060 de
885 1038 980 1068 more,
997 1039 1151 1069 genusque

392 1105 513 1141 Ederet,
530 1109 560 1136 et
577 1105 693 1144 Jussum
713 1115 773 1137 non
795 1107 896 1145 segnis
917 1107 1062 1146 penderet
1084 1115 1200 1138 aurum.

390 1181 442 1212 Ille
464 1181 586 1212 domum
608 1182 769 1221 antiquam,
786 1185 815 1212 et
836 1185 958 1220 regnata
980 1182 1155 1213 Parentibus
1177 1190 1245 1213 arva

390 1257 531 1292 Invisens‚
547 1265 648 1288 secum
670 1265 797 1296 proavos
820 1265 856 1288 ex
880 1258 985 1288 ordine
1007 1258 1115 1296 Reges,

390 1332 534 1372 Claraque
556 1333 628 1363 facta
651 1333 778 1368 Ducum,
794 1333 1007 1372 pulchramque
1029 1334 1064 1364 ab
1087 1334 1201 1371 origine
1222 1336 1342 1372 gentem

388 1409 488 1440 Mente
510 1409 681 1440 recensebat
703 1410 798 1440 tacita:
816 1418 1036 1449 numerumque
1056 1419 1191 1446 suorum,

387 1485 524 1521 Quamvis
546 1489 617 1516 tunc
638 1494 760 1525 pauper,
775 1486 910 1524 quamvis
933 1486 1097 1523 incognitus
1120 1486 1189 1525 ipsis

388 1561 542 1600 Adgnatis,
557 1561 644 1600 longe
665 1561 826 1592 adveniens
848 1561 970 1600 explere
992 1562 1121 1601 parabat.

388 1639 447 1669 Iam
470 1639 555 1675 fines,
572 1638 709 1675 Galilaea,
724 1644 789 1670 tuos
812 1647 963 1675 emensus,
981 1642 1009 1669 et
1031 1639 1102 1669 imas

388 1716 517 1746 Carmeli
537 1715 638 1751 valles,
655 1723 791 1755 quaeque
806 1716 881 1746 altus
897 1716 1009 1746 vertice
1031 1719 1131 1755 opacat

388 1792 466 1822 Rura
488 1792 615 1828 Thabor,
631 1799 821 1831 sparsamque
842 1793 919 1831 iugis
940 1792 1113 1823 Samaritida
1135 1795 1246 1822 terram

387 1866 560 1904 Palmiferi53
578 1867 712 1905 Solymas
735 1876 750 1897 a
771 1867 854 1897 laeva
876 1867 1001 1906 liquerat
1022 1876 1115 1898 arces:

385 1943 483 1979 Quum
503 1943 592 1974 simul
614 1951 630 1973 e
651 1942 766 1974 tumulo
787 1951 889 1973 muros
911 1951 943 1973 ac
964 1945 1039 1973 tecta
1061 1942 1219 1975 domorum

387 2014 553 2053 Prospexit,
568 2014 738 2053 patriaeque
758 2014 880 2052 agnovit
900 2014 1018 2045 moenia
1041 2017 1146 2045 terrae.
