1621 2522
836 147 873 153 -
902 131 942 162 72
969 148 1006 155 -.

425 196 593 235 Angustum
614 199 665 230 sed
687 200 737 231 vix
759 201 919 238 stabulum,
935 202 1012 233 male
1035 204 1188 235 commoda
1210 205 1304 240 sedes,

425 267 462 297 Et
482 267 600 307 fragiles
620 270 733 307 calami,
750 271 901 311 lectaeque
923 273 1079 311 paludibus
1099 274 1209 306 herbae

426 340 593 372 Fortuitum
615 342 686 373 dant
707 352 775 374 ecce
798 347 916 375 torum:
941 346 1071 384 laqueata
1095 349 1234 385 tyrannos

426 410 525 447 Tecta,
541 415 571 442 et
592 412 714 450 regifico
736 415 852 453 capiant
872 415 971 446 aulaea
992 418 1106 454 paratu.

426 481 467 511 Te
489 482 574 513 Pater
595 486 715 514 aeterno
738 485 888 524 Superum
909 486 1012 517 ditavit
1034 487 1146 518 honore

425 552 586 584 illustrans:
603 554 656 585 tibi
676 555 783 587 siderei
806 556 910 588 domus
932 566 1018 589 aurea
1040 559 1114 589 coeli

426 624 549 661 Plaudit,
567 626 821 668 inexstinctosque
842 633 926 668 parat
948 630 1058 662 Natura
1079 631 1255 670 triumphos.

425 696 462 727 Et
483 701 581 728 tamen
603 698 678 730 hanc
698 700 801 732 sedem
823 702 931 741 Reges,
945 703 1018 734 haec
1038 704 1171 743 undique
1192 704 1292 742 magni

423 768 517 801 Antra
538 774 639 810 petent
660 772 773 811 populi:
790 773 879 812 longe
900 783 974 813 quos
997 775 1112 806 caerula
1135 775 1225 814 Calpe

423 841 523 873 Litore
544 844 579 874 ab
601 844 734 882 occiduo,
751 847 904 886 nigrisque
924 847 1057 886 impellet
1078 848 1112 878 ab
1135 847 1213 878 Indis

425 912 477 943 Sol
499 914 607 945 oriens:
622 924 695 954 quos
717 920 745 947 et
766 917 884 954 Boreas,
901 921 930 949 et
951 919 1084 949 fervidus
1105 919 1214 950 Auster

426 983 550 1015 Diverso
571 985 648 1016 inter
668 995 700 1018 se
721 990 868 1018 certantes
890 988 1010 1019 cardine
1030 989 1159 1019 mittent.

429 1055 473 1086 Tu
494 1060 602 1095 pastor,
619 1061 651 1088 tu
673 1058 817 1098 dispersas
838 1067 979 1090 revocare
1000 1068 1054 1099 per
1076 1069 1161 1098 agros

426 1127 528 1158 Missus
550 1137 621 1160 oves
642 1129 711 1165 late,
729 1134 891 1169 pectusque
913 1131 1031 1162 obferre
1052 1131 1181 1170 periclis,

428 1198 572 1237 Prodigus
594 1200 630 1230 ah
651 1201 778 1232 nimium
800 1203 888 1238 vitae,
904 1210 957 1240 per
980 1202 1046 1238 tela,
1062 1210 1115 1241 per
1135 1203 1233 1232 hostes

426 1270 592 1303 Obscurum
614 1281 720 1304 nemus
741 1274 922 1313 irrumpens,
939 1274 1040 1305 rabida
1062 1283 1112 1304 ora
1135 1274 1273 1313 luporum

426 1338 612 1378 compesces,
627 1343 822 1380 saturumque
844 1349 969 1380 gregem
989 1341 1044 1372 sub
1066 1344 1140 1371 tecta
1161 1340 1295 1371 reduces.

425 1406 447 1437 Ο
469 1407 542 1437 inihi
563 1411 640 1438 certa
663 1408 735 1439 fides
757 1408 916 1447 Superum,
934 1409 1023 1439 decus
1045 1408 1143 1440 addite
1164 1409 1262 1445 terris,

426 1472 499 1504 Nate
521 1474 593 1510 Deo,
610 1475 689 1505 Deus
711 1475 783 1514 ipse,
800 1478 920 1505 aeterno
942 1483 959 1505 e
981 1475 1108 1505 Lumine
1131 1475 1256 1505 Lumen.

427 1541 468 1572 Te
490 1545 518 1572 te
539 1551 605 1580 ego,
622 1545 650 1573 te
671 1543 783 1573 circum
806 1542 953 1578 Genitrix,
970 1542 1098 1582 laetique
1121 1543 1245 1573 Ministri

427 1611 625 1647 Concinimus‚
641 1598 790 1649 primique
812 1613 877 1641 tuos
897 1611 1081 1642 celebramus
1102 1611 1241 1646 honores,

426 1677 587 1716 Longaque
607 1677 759 1716 perpetuis
781 1677 937 1708 indicimus
958 1678 1041 1716 orgia
1062 1677 1151 1707 fastis.
