1621 2522
851 134 1046 167 -.-1ΟΟ-

522 202 610 233 Multa
632 204 753 243 quidem
773 205 883 237 maiora
905 207 975 244 fide,
997 209 1050 239 sed
1071 218 1152 247 vera,
1175 212 1226 243 sed
1248 213 1325 253 ipsos

444 265 523 301 Quae
544 269 663 297 teneant
682 271 868 306 spectantum
889 270 1000 308 ocutos,
1024 280 1141 310 possum
1163 283 1213 306 ore
1234 277 1365 308 referre:

444 328 501 359 Sed
523 338 660 368 propero:
684 333 807 362 ventura
829 336 926 364 tamen
948 335 1104 367 mirabitur
1126 341 1213 369 aetas.

523 391 654 424 Cernere
675 394 731 424 erit
751 395 868 426 claudos
889 397 996 436 passim
1016 406 1111 436 genua
1133 409 1219 439 aegra
1242 402 1390 434 trahentes

442 453 570 484 Firmato
590 455 701 485 subitos
722 457 885 489 extendere
907 459 1016 497 poplite
1038 467 1167 498 gressus.

521 516 596 548 Tum
617 518 715 548 nervis
736 519 886 557 labefacta,
910 521 1021 561 diuque
1042 526 1199 557 trementia
1220 528 1353 559 membra

441 578 523 616 (Quis
545 580 656 617 credat,
678 581 735 612 nisi
756 585 835 613 certa
856 591 940 615 meus
961 585 1034 616 mihi
1056 590 1152 618 cantet
1172 589 1305 629 Apollo?)

442 643 601 682 Restringi,
624 648 653 674 et
673 644 784 675 validas
805 653 874 677 cum
894 648 1002 679 robore
1023 657 1142 681 sumere
1162 652 1252 688 vires,

441 706 537 745 Atque
559 706 631 737 alius
650 710 733 746 rapto
753 708 847 739 iussus
869 718 1052 750 consurgere
1073 712 1160 750 lecto,

440 769 523 800 Haud
543 778 626 801 mora
647 771 788 810 prosiliet:
813 781 957 812 passuque
977 774 1008 805 in
1029 775 1138 815 templa
1159 777 1245 808 citato

440 832 640 869 contendens,
663 842 736 864 onus
757 835 817 873 ipse
839 835 971 867 humeris
992 839 1132 877 portabit.
1157 840 1199 870 Ibi
1221 841 1325 880 ingens

440 896 558 927 Clamor
580 900 609 927 et
629 896 802 929 innumerae
823 899 935 929 circum
956 899 1075 931 donaria
1097 910 1186 933 voces

438 958 602 998 Spectantis
623 959 736 998 populi,
758 963 788 990 et
808 967 910 991 rerum
932 962 1064 993 novitate
1085 965 1229 1001 paventis.

516 1022 600 1052 Parte
622 1021 675 1052 alia
698 1022 859 1053 extinctam
880 1023 1009 1061 penitus,
1030 1033 1178 1065 sensuque
1199 1031 1348 1060 carentem

437 1085 481 1115 Ad
501 1094 551 1116 sua
574 1086 631 1115 iam
653 1093 755 1116 cernes
776 1087 910 1117 revocari
930 1095 1051 1119 munera
1075 1088 1220 1121 dextram.

515 1148 576 1179 Nec
596 1149 694 1179 minus
715 1157 753 1179 ex
774 1151 848 1179 tacta
869 1150 1014 1188 compesci
1035 1154 1119 1181 veste
1140 1159 1276 1183 cruorem

434 1211 620 1242 Femineum:
646 1219 868 1251 exsanguesque
890 1215 981 1249 artus,
1003 1212 1202 1254 pallentiaque
1222 1224 1272 1248 ora

434 1274 514 1305 Ilicet
535 1274 692 1305 obstructis
713 1274 848 1305 calefacta
869 1276 1029 1307 rubescere
1050 1277 1145 1308 venis.

513 1338 590 1376 Ipsas
610 1338 683 1376 quin
704 1338 791 1368 etiam
813 1338 913 1369 Furias
933 1339 988 1370 sub
1010 1339 1129 1371 Tartara
1151 1341 1221 1380 pelli

433 1401 578 1432 {inmanes
599 1401 689 1432 Erebi
710 1401 821 1432 Furias:
847 1404 910 1432 tum
930 1402 1003 1433 fessa
1024 1403 1115 1434 levari

432 1464 563 1500 Pectora,
586 1468 766 1504 vexatosque
786 1464 871 1496 malis
895 1466 1070 1497 cruciatibus
1092 1471 1184 1498 artus:

430 1526 503 1557 Hinc
523 1535 628 1558 vacuus
649 1527 706 1558 late
727 1527 844 1567 impleri
864 1528 1039 1560 stridoribus
1061 1539 1143 1561 auras

430 1589 568 1620 Dirarum
589 1590 695 1621 frustra
717 1591 906 1627 clamantum,
928 1600 960 1622 ac
980 1600 1065 1623 saeva
1086 1596 1267 1625 trementum

432 1652 575 1688 Verbera,
598 1661 709 1692 perque
731 1662 815 1684 cavas
836 1657 994 1686 conantum
1015 1656 1141 1687 evadere
1159 1658 1264 1688 nubes.

508 1715 568 1745 Iam
590 1715 748 1754 deploratis
770 1716 861 1747 vitam
884 1720 950 1756 post
970 1717 1076 1748 funera
1097 1718 1181 1749 reddi

430 1777 610 1816 Corporibus
631 1778 730 1808 video:
754 1779 812 1810 iam
832 1782 975 1810 moestam
996 1780 1134 1811 incedere
1154 1789 1306 1821 pompam,

426 1839 621 1878 Feralemque
643 1840 755 1870 anteire
775 1841 887 1872 tubam:
909 1849 979 1882 mox
1002 1841 1106 1880 gaudia
1128 1847 1258 1874 matrum

427 1903 586 1941 Insperata,
607 1905 786 1942 patrumque
807 1904 914 1935 hilares
935 1913 1023 1936 verso
1044 1905 1149 1937 ordine
1171 1906 1269 1943 fletus,

427 1964 464 1994 Et
485 1964 690 1996 circumfusam
710 1965 824 2005 populis
845 1967 1020 1998 laetantibus
1042 1969 1157 1999 urbem.

426 2027 498 2057 Huic
520 2030 551 2058 tu
571 2030 705 2059 nutantes
725 2029 840 2068 quoties
862 2029 1023 2068 adsurgere
1044 2035 1171 2068 montes,
