1621 2522
844 148 886 153 .-
910 132 951 163 84
980 146 1017 153 .-

431 198 599 230 Haedorum
621 201 728 239 passim
751 208 803 238 per
824 200 896 231 dura
919 201 1025 231 cubilia
1046 204 1167 232 matres:

428 265 588 305 Balatuque
610 268 711 298 ovium
733 268 824 298 valles
844 277 972 299 sonuere
994 270 1186 308 propinquae,

430 331 563 371 Saxaque
586 337 614 364 et
635 334 756 364 adtoniti
778 338 864 374 caput
884 344 1009 366 erexere
1031 337 1174 374 magistri.

507 399 589 429 Tunc
610 401 660 430 ait:
684 401 706 431 O
728 402 810 440 parvi
832 402 938 440 vigiles
960 403 1071 440 gregis,
1094 411 1110 432 o
1132 403 1208 433 bona
1229 404 1321 442 pubes

427 464 585 501 Silvarum,
609 466 728 505 Superis
750 473 868 506 gratum
890 477 993 506 genus,
1017 470 1067 504 ite,
1089 469 1166 500 beati

427 530 570 567 Pastores‚
594 532 634 562 ite
656 537 737 564 antra
759 536 842 565 novis
866 535 1011 566 intendite
1032 536 1130 566 sertis:

427 598 570 636 Reginam
592 601 627 630 ad
650 610 748 638 cunas,
770 603 959 642 positumque
980 604 1009 634 in
1030 604 1172 634 stramine
1193 604 1305 643 Regem

427 665 530 704 (Certa
552 667 638 707 fides)
660 669 708 699 alti
730 670 788 700 iam
810 670 867 700 iam
890 670 1056 701 Moderator
1078 671 1189 710 olympi

427 732 560 764 Cernere
582 734 641 765 dat:
666 740 830 776 properate,
852 738 981 776 novique
1002 738 1131 776 tepentia
1153 738 1233 768 lactis

424 801 556 838 Munere⁷
580 812 708 843 cumque
730 814 783 836 suo
804 806 871 836 date
894 806 1009 836 condita
1031 806 1138 836 subere
1159 806 1257 836 mella:

423 870 576 901 insuetum
598 876 627 902 et
647 872 738 910 sylvis
760 873 868 912 stipula
892 873 1029 903 deducite
1052 881 1181 903 carmen.

433 941 493 971 Nec
515 940 598 978 plura
620 940 716 976 effata,
739 941 769 970 in
790 940 884 971 nubes
906 940 1051 970 taciturna
1072 941 1203 970 recessit:

424 1007 461 1036 Et
481 1007 597 1045 penitus
619 1006 702 1044 nigra
724 1006 817 1036 noctis
839 1014 870 1036 se
892 1005 1022 1036 condidit
1043 1006 1158 1036 umbra.

424 1074 479 1104 Olli
501 1075 578 1104 inter
598 1082 629 1104 se
650 1082 681 1103 se
703 1073 785 1103 vario
807 1081 947 1103 sermone
967 1073 1113 1108 volutant,

432 1141 505 1177 Quid
527 1142 669 1181 superum
690 1141 824 1171 mandata
845 1140 949 1175 velint,
971 1148 1043 1179 quas
1064 1148 1209 1179 quaerere
1230 1149 1330 1177 cunas,

423 1212 500 1249 Quos
521 1211 643 1241 iubeant
664 1209 772 1246 Reges,
794 1216 868 1246 quae
891 1208 1011 1246 cingere
1032 1208 1185 1239 frondibus
1207 1211 1299 1239 antra.

424 1279 571 1310 Continuo
592 1277 680 1307 variis
702 1277 856 1306 innectunt
878 1278 1009 1314 tempora
1031 1276 1130 1305 ramis:

422 1344 555 1375 Nectitur
576 1346 605 1373 et
626 1342 776 1377 lentiscus,
799 1349 963 1380 opacaeque
985 1341 1106 1371 arbutus
1127 1342 1262 1378 umbrae,

422 1412 540 1450 Rosque
561 1411 660 1445 maris,
683 1410 851 1448 buxusque,
874 1412 904 1439 et
926 1408 1014 1439 densa
1038 1417 1133 1439 eomas
1157 1410 1351 1441 terebinthus:

423 1478 594 1516 Cunctaque
614 1476 762 1507 frondenti
783 1475 941 1506 redimitur
964 1475 1047 1506 turba
1071 1484 1187 1507 corona.

422 1546 489 1575 Mox
510 1545 614 1574 silvam
636 1544 799 1582 exquirunt
821 1552 952 1579 omnem,
976 1543 1125 1582 saltusque
1147 1548 1279 1583 repostos

422 1611 616 1642 Flammiferis
658 1611 782 1641 lustrant
805 1610 905 1641 taedis.
930 1611 1043 1641 Ardere
1066 1615 1183 1649 putares

420 1678 498 1708 Arva
519 1677 811 1716 proouhtotumque
833 1677 952 1708 incendi
973 1678 1084 1709 lumine
1105 1681 1247 1709 montem.

422 1744 552 1774 Tandem
574 1744 651 1774 inter
672 1744 776 1774 dumos
798 1744 875 1780 fessi,
896 1745 951 1775 sub
973 1752 1047 1782 rupe
1069 1747 1169 1774 cavata

422 1810 599 1849 Speluncam
621 1809 793 1848 adspiciunt:
817 1818 982 1849 vocemque
1004 1809 1135 1840 rudentis
1157 1809 1246 1840 Aselli

420 1877 549 1908 Auribus
570 1885 719 1916 accepere.
744 1876 852 1907 Vident
874 1877 1041 1916 ipsumque,
1063 1877 1245 1915 Bovemque‚

420 1944 669 1983 Longaevumque
691 1943 810 1978 Senem,
833 1946 1019 1982 stantemque
1041 1943 1075 1973 ad
1099 1943 1209 1974 lumina
1233 1944 1353 1974 Matrem

422 2010 599 2046 insomnem,
622 2014 650 2041 et
671 2011 775 2050 pressis
796 2010 979 2041 refoventem
1002 2011 1109 2049 Pignus
1132 2012 1161 2041 in
1184 2011 1269 2042 ulnis.
