1621 2522
769 150 967 181 —108-

371 233 461 264 Antra
483 231 567 266 milii,
590 235 744 267 sacrosque
766 226 862 257 aditus
883 228 971 263 atque
993 230 1081 254 aurea
1101 220 1230 261 pandant

372 301 495 335 Limina,
517 298 671 330 sufficiam.
696 295 762 326 Non
782 295 806 325 si
827 293 900 324 mihi
922 293 1018 323 ferrea
1039 292 1158 322 centum

372 370 429 400 Ora
449 371 566 404 sonent,
590 368 767 403 centumque
788 363 887 392 aerato
909 368 926 391 e
947 360 1067 397 gutture
1088 356 1205 393 linguae

372 437 499 469 Vocibus
520 434 698 473 exspument
718 430 878 468 agitantem
899 430 1018 465 pectora
1039 423 1209 454 Phoebum:

374 504 518 536 Laudatos
539 501 652 532 valeam
673 497 793 530 venturi
813 494 956 533 Principis
977 495 1057 524 actus

375 571 569 603 Enumerare,
588 572 727 604 novoque
748 561 884 602 amplecti
904 558 1019 598 singula
1040 559 1137 588 cantu.

455 636 531 666 Haec
552 633 651 665 senior
671 630 821 671 quondam
842 626 919 659 felici
940 628 1058 666 pectore
1077 621 1199 654 Proteus

377 703 542 735 Vaticinans
564 701 610 740 (ut
629 700 704 730 forte
723 705 791 728 meo
813 695 976 726 diverterat
996 691 1093 730 antro)

378 768 580 802 praemonuit:
603 774 683 797 nunc
704 766 827 795 eventus
848 764 905 791 stat
924 760 1007 798 signa
1027 757 1119 789 futuri

378 839 568 876 Exspectare.
592 833 677 864 Nitor
697 839 783 862 roseo
803 828 855 860 sed
876 827 957 859 fulsit
976 825 1011 857 ab
1033 828 1101 856 ortu

381 904 512 936 Clarior:
536 904 566 933 et
586 900 676 932 radiis
697 899 758 930 dux
779 896 898 937 praevia
915 893 1065 925 matutinis

381 975 487 1008 Oceani
508 971 612 1013 procul
633 974 768 1002 extremo
789 977 820 999 se
842 967 929 998 litore
951 965 1028 996 tollit

382 1041 528 1074 Exoriens
549 1039 680 1070 Aurora:
704 1037 844 1075 sinusque
865 1033 967 1065 induta
988 1031 1129 1062 rubentes

382 1109 459 1139 Ante
479 1106 559 1137 diem
580 1104 648 1135 citat
668 1102 833 1134 auricomos
855 1099 891 1130 ad
912 1099 993 1130 frena
1014 1096 1135 1135 iugales.

384 1176 423 1206 Et
443 1175 501 1205 iam
522 1171 669 1203 consuetis
692 1174 808 1208 tempus
829 1175 878 1198 me
899 1173 1018 1197 currere
1038 1163 1111 1203 ripis

386 1242 563 1275 UnGantem,
585 1245 767 1277 magnosque
788 1236 878 1271 lacus,
900 1237 929 1265 et
950 1235 1032 1273 prata
1052 1232 1201 1262 secantem

386 1308 565 1340 Vorticibus.
590 1304 708 1340 Viden',
730 1306 763 1334 ut
783 1301 899 1333 nostros
920 1300 979 1338 agit
1002 1298 1126 1335 impetus
1148 1294 1265 1325 amnes?

387 1376 601 1413 Iordanemque
622 1375 708 1403 vocat
730 1369 909 1402 tumidarum
930 1374 1068 1398 murmur
1089 1361 1251 1402 aquarum?

467 1442 513 1473 Sic
535 1441 608 1471 fatus
629 1438 782 1470 confestim
803 1435 935 1467 humeris
956 1430 1120 1464 circumdat
1140 1428 1262 1460 amictus

389 1510 538 1542 Insolitos:
562 1516 636 1547 quos
657 1505 798 1545 pulchrae
818 1503 885 1534 udis
907 1508 1018 1532 nevere
1039 1498 1093 1529 sub
1116 1496 1205 1527 antris

390 1577 525 1612 Naiades‚
548 1574 630 1606 molli
651 1573 791 1605 ducentes
812 1569 935 1601 stamina
956 1575 1074 1603 musco;

392 1644 572 1682 Sidonioque
593 1641 682 1673 rudes
702 1641 866 1670 saturantes
886 1635 1002 1667 murice
1022 1634 1104 1668 telas,

393 1713 490 1744 Aurea
510 1717 669 1749 consperso
690 1708 842 1738 variarunt
862 1704 959 1736 sidera
980 1702 1087 1733 limbo:

394 1781 491 1819 Atque
512 1779 551 1808 ita
571 1786 602 1808 se
625 1775 743 1806 tandein
765 1772 897 1805 currenti
919 1769 1049 1803 reddidit
1069 1767 1153 1797 alveo

395 1848 552 1886 Spumeus,
576 1846 605 1875 et
625 1847 717 1873 motas
739 1840 914 1886 adspergine
935 1836 1052 1868 miscuit
1072 1833 1173 1865 undas.

474 1912 631 1947 Hactenus,
653 1919 670 1940 o
692 1908 809 1947 Superi,
832 1907 934 1936 Partus
957 1905 1082 1935 tentasse
1103 1899 1249 1931 verendos

397 1980 441 2012 Sit
461 1980 541 2010 satis.
565 1979 698 2017 Optatam
719 1973 812 2014 poscit
832 1981 881 2003 me
902 1970 994 2002 dulcis
1017 1968 1051 1999 ad
1073 1967 1209 1998 umbram

399 2048 581 2086 Pausilypus,
604 2045 727 2084 poscunt
747 2040 895 2080 Neptunia
917 2038 1012 2073 litora,
1035 2039 1065 2066 et
1085 2034 1137 2066 udi
