1621 2522
861 161 904 167 .-.
929 145 969 176 20
993 161 1036 168 -

447 210 604 242 Adtonitae
623 212 743 243 similis:
766 212 943 252 confusaque
964 214 1080 245 turbine
1100 223 1203 246 rerum

447 274 575 310 Insolito,
596 275 722 305 occultas
742 279 863 306 conatur
883 284 1026 314 quaerere
1047 285 1169 309 caussas.

448 336 505 367 Sed
527 337 614 375 longe
635 337 713 368 vires
734 337 813 374 alias,
835 339 1004 378 maioraque
1024 340 1114 370 sentit

448 399 585 430 Numina.
609 400 777 431 Succutitur
798 401 893 437 tellus,
916 402 1092 441 laevumque
1112 411 1217 434 sereno

448 462 577 492 Intonuit
598 462 688 498 coelo,
710 471 812 493 rerum
833 464 880 494 cui
901 472 1014 494 summa
1036 467 1173 502 potestas,

450 523 621 554 Adventum
643 524 707 554 Nati
728 525 850 555 Genitor
870 528 1008 556 testatus:
1032 529 1064 556 ut
1085 534 1186 557 omnes

450 586 594 616 Audirent
614 586 671 616 late
692 587 803 625 populi,
825 595 897 626 quos
919 588 1066 618 maximus
1087 589 1178 619 ambit

451 648 591 684 Oceanus,
615 649 793 687 Tethysque,
815 652 844 679 et
863 650 1013 679 raucisona
1035 648 1225 688 Amphitrite.

531 713 588 742 Hos
609 713 685 743 inter
705 712 818 743 medios
839 712 924 748 coeli,
947 716 1102 752 terraeque
1123 713 1254 751 fragores

450 775 588 814 Aequatis
610 783 767 814 properans
789 775 917 806 Volucer
938 774 1153 814 pulcherrimus
1174 776 1225 806 alis

452 838 555 869 Omnia
577 837 647 868 dum
669 838 826 876 trepidant,
849 837 1031 874 discesserat,
1055 838 1169 877 altaque
1190 839 1277 870 nabat

452 902 506 932 Per
528 901 605 931 loca:
629 909 721 940 quum
745 901 838 938 Virgo
860 901 941 931 celsis
964 902 993 931 in
1014 902 1142 932 nubibus
1163 902 1247 933 illum

452 963 656 993 Alternantem
677 962 818 993 humeros
838 961 930 998 videt,
953 965 1039 1001 atque
1060 963 1202 994 immensa
1222 968 1370 995 secantem

455 1027 621 1058 Ventorum
642 1026 741 1064 spatia,
764 1028 793 1056 et
814 1025 871 1055 iam
892 1026 1072 1057 versicolore
1093 1034 1146 1064 per
1166 1035 1250 1057 auras

453 1090 630 1128 Fulgentem
651 1088 761 1128 pluma,
785 1097 816 1119 ac
837 1088 910 1119 coeli
931 1097 1062 1120 convexa
1085 1093 1245 1127 petentem.

454 1152 548 1189 Quem
569 1152 691 1182 demum
712 1151 761 1181 tali
782 1154 931 1191 aspectans
952 1160 1089 1182 sermone
1109 1155 1209 1183 secuta
1231 1156 1290 1183 est:

455 1215 559 1253 Magne
581 1214 660 1250 Ales,
682 1214 750 1244 celsi
772 1213 861 1245 decus
882 1215 1018 1251 aetheris,
1040 1215 1117 1245 invia
1139 1223 1241 1245 rerum

454 1278 506 1314 Qui
531 1280 679 1315 penetras,
701 1277 847 1316 longeque
869 1281 898 1308 et
919 1277 1018 1308 nubila
1039 1277 1145 1317 linquis
1168 1282 1196 1309 et
1217 1279 1310 1309 Euros

455 1341 642 1376 Antevolans„
665 1340 740 1370 laeto
760 1348 812 1370 seu
834 1343 862 1369 te
884 1339 977 1370 felicia
998 1343 1091 1370 tractu

455 1404 567 1440 Sidera,
589 1412 724 1443 quaeque
743 1411 810 1433 suos
831 1402 994 1433 volvuntur
1013 1403 1095 1441 signa
1116 1410 1170 1441 per
1192 1403 1276 1434 orbes

456 1468 620 1505 Expectant
640 1465 833 1496 redeuntem:
857 1465 905 1496 alti
925 1473 977 1496 seu
1000 1469 1077 1496 certa
1098 1467 1224 1504 reposcit

458 1530 592 1569 Crystalli
613 1529 729 1565 domus,
752 1532 782 1559 et
802 1529 888 1559 vitrei
909 1528 993 1567 plaga
1014 1528 1108 1558 lucida
1129 1529 1229 1566 regni:

458 1595 516 1625 Seu
538 1594 817 1632 propri01·a·vocant
836 1599 975 1631 supremo
996 1594 1071 1622 tecta
1093 1592 1226 1627 Tonanti,

457 1657 517 1694 Qua
539 1660 616 1695 patet
638 1657 667 1686 111
688 1664 839 1686 summum
860 1655 942 1693 regio
963 1655 1138 1685 flammantis
1159 1655 1279 1694 olympi,

458 1721 558 1759 Teque
579 1710 660 1749 amor
682 1721 711 1748 et
731 1718 850 1756 liquidis
871 1718 1002 1756 fragrans
1023 1717 1073 1747 alit
1093 1717 1210 1755 ignibus
1231 1725 1316 1747 aura:

456 1784 465 1813 Ι
488 1790 602 1821 precor,
625 1782 633 1811 i
655 1784 789 1812 nostrum
812 1780 892 1811 testis
913 1780 1038 1811 defende
1059 1779 1217 1818 pudorem.

454 1845 514 1875 Nec
535 1844 618 1883 plura
640 1844 699 1874 his:
724 1847 788 1873 tum
809 1851 881 1873 vero
904 1843 997 1873 aciem
1018 1842 1161 1878 deflectit,
1183 1845 1212 1871 et
1234 1850 1336 1872 omnes
1366 1885 1369 1889 r

452 1906 534 1937 Haud
556 1915 649 1942 mora,
672 1905 792 1936 sollicito
813 1905 960 1944 percurrit
980 1904 1091 1935 lumine
1113 1907 1247 1934 montes:

454 1970 656 2008 Agnatamque
678 1968 784 2003 animo,
807 1970 1007 2006 conceptaque
1028 1968 1149 2005 pignora
1171 1969 1280 2002 versat,

456 2033 545 2063 Multa
567 2035 686 2072 putans:
710 2039 869 2071 serumque
890 2031 965 2062 uteri
986 2031 1111 2063 miratur
1132 2030 1288 2060 honorem.
