1621 2522
831 156 869 163 -.
896 139 937 170 30
963 156 999 163 -.

414 207 533 239 Omnia:
558 209 662 240 defessi
683 213 815 249 spectans
836 211 991 241 morientia
1013 210 1079 241 Nati

414 271 548 308 Lumina,
571 272 704 302 crudeles
726 275 828 308 terras,
851 273 979 304 crudelia
1002 273 1070 304 dicit

414 333 532 365 Sidera:
557 335 708 366 crudelem
729 344 761 366 se
780 344 822 372 se,
845 337 924 375 quod
946 337 1011 367 talia
1033 340 1133 367 cernat

416 395 555 431 Vulnera,
577 404 663 434 saepe
684 400 786 427 vocat:
810 401 873 428 tum
895 398 1038 428 luctisono
1059 398 1172 429 ululatu

415 457 524 488 Cuncta
547 459 677 497 replens,
699 460 870 497 singultanli
890 461 931 490 sic
952 461 1053 499 incipit
1074 469 1143 490 ore:

413 520 526 559 Incipit,
551 523 580 550 et
601 520 674 551 duro
697 522 761 560 figit
781 522 869 553 simul
891 523 987 553 oscula
1010 524 1114 561 Ligno,

413 582 603 612 Exclamans:
627 583 696 619 Quis
716 592 765 614 me
786 585 936 620 miseram,
959 586 1023 624 quis
1044 585 1173 617 culmine
1194 589 1272 617 tanto

413 643 573 679 Deiectam‚
595 645 698 675 subitis
719 646 855 682 involuit,
878 646 963 682 Nate,
986 648 1138 686 procellis?

413 706 496 742 Nate,
519 707 614 737 Patris
635 708 725 744 vires,
748 709 866 746 sanguis
887 717 982 745 meus,
1004 709 1084 740 unde
1106 714 1228 749 repente

412 769 488 798 Haec
511 769 572 799 fera
594 772 777 808 tempestas?
798 772 863 810 quIs
887 775 914 802 te
935 772 1008 802 mihi
1030 773 1137 802 fluctus
1158 772 1284 803 ademit?

412 830 491 867 Quae
513 840 616 862 manus
637 832 774 870 indignos
796 833 926 864 foedavit
946 835 1089 872 sanguine
1110 835 1229 865 vultus?

415 893 470 924 Cui
491 897 604 924 tantum
627 895 657 925 in
679 904 801 934 superos
822 896 919 927 licuit?
941 897 1015 927 bella
1037 898 1126 935 impia
1149 897 1237 928 Coelo

415 957 484 993 Quis
506 959 604 995 parat?
627 958 705 988 hunc
727 967 781 996 ego
802 962 831 989 te
853 963 917 997 post
938 963 981 990 tot
1001 960 1077 991 male
1099 964 1159 990 tuta
1180 960 1292 990 labores

413 1021 539 1059 Postque
562 1024 602 1050 lot
622 1021 722 1052 infelix
743 1022 857 1061 elapsae
878 1022 1062 1053 incommoda
1083 1023 1161 1054 vitae

412 1082 566 1121 Auspicio?
589 1086 659 1113 tune
682 1083 728 1113 illa
751 1087 818 1114 tuae
840 1084 890 1114 lux
912 1085 997 1115 unica
1018 1086 1135 1115 Matris?

414 1146 496 1176 Tune
518 1146 631 1176 animae
653 1155 720 1185 pax,
744 1150 772 1176 et
793 1147 922 1185 requie&
942 1156 1067 1187 spesque
1088 1148 1188 1179 ultima
1209 1152 1326 1179 nostrae

412 1209 459 1239 Sic
481 1210 611 1247 raperis?
633 1209 680 1240 Sic
701 1218 749 1240 me
769 1210 872 1246 solam,
895 1211 1123 1249 exanimemque
1145 1211 1302 1250 relinquis?

412 1272 435 1303 O
457 1272 558 1302 dolor:
582 1273 710 1303 extincto
731 1273 789 1304 iam
810 1276 838 1304 te
860 1282 913 1312 pro
934 1274 1023 1305 fratre
1044 1283 1169 1311 sorores,

411 1335 468 1365 Pro
489 1335 563 1365 natis
584 1336 669 1366 toties
690 1344 852 1366 exoravere
873 1339 1025 1376 parentes:

410 1397 462 1427 Ast
484 1405 539 1435 ego
560 1405 613 1436 pro
634 1398 718 1434 Nato,
741 1406 795 1436 pro
817 1402 846 1429 te
868 1399 1057 1437 Dominoque
1078 1400 1198 1438 Deoque

410 1460 503 1496 Quem
525 1461 630 1491 misera
653 1463 794 1492 exorem?
815 1471 873 1501 quo
895 1463 989 1493 tristia
1011 1466 1129 1502 pectora
1150 1465 1282 1493 vertam?

412 1522 467 1553 Cui
482 1526 608 1562 querar?
630 1534 646 1555 o
669 1526 787 1556 tandem
809 1525 890 1556 dirae
911 1534 959 1555 me
980 1525 1095 1564 perdite
1116 1525 1255 1555 dextrae:

410 1585 456 1615 Me
477 1587 573 1624 potius
595 1587 632 1626 (si
654 1596 710 1626 qua
731 1591 774 1618 est
794 1589 897 1627 pietas)
919 1589 1096 1619 immanibus
1117 1588 1205 1618 armis

411 1647 550 1679 Obruite:
575 1650 604 1680 in
624 1657 673 1680 me
695 1658 797 1681 omnes
819 1651 963 1682 effundite
984 1651 1109 1690 pectoris
1130 1651 1201 1681 iras:

412 1712 469 1743 Vel
491 1715 522 1742 tu
543 1710 579 1749 (si
602 1713 675 1742 tanti
696 1717 738 1743 est
760 1714 913 1744 hominum
935 1713 1041 1752 genus)
1063 1714 1143 1753 eripe
1164 1713 1299 1750 Matrem,

411 1774 490 1811 Quae
511 1779 605 1812 rogat,
628 1779 656 1805 et
676 1776 783 1814 stygias
804 1779 903 1806 tecum
925 1776 991 1812 duc,
1014 1776 1098 1812 Nate,
1120 1776 1174 1807 sub
1196 1777 1325 1808 umbras.

411 1838 474 1876 Ipsa
495 1846 551 1876 ego
572 1846 625 1876 per
647 1838 718 1868 dura
740 1838 872 1869 locorum
894 1839 1107 1878 inamoenaque
1129 1841 1202 1870 vivis

411 1899 511 1937 Regna
531 1908 652 1939 sequar:
675 1900 759 1931 liceat
779 1906 966 1941 rumpentem
989 1910 1110 1933 cernere
1131 1907 1226 1941 portas

410 1962 544 1993 Aeratas:
568 1964 652 1994 liceat
673 1964 797 2003 pulchro
817 1965 923 1995 sudore
945 1965 1113 1996 madentem

409 2025 586 2058 Eversorem
608 2028 697 2058 Erebi
719 2031 849 2059 materna
870 2029 1038 2067 abstergere
1060 2028 1173 2059 dextra.
