1621 2522
840 159 884 165 -
909 143 950 173 64
972 158 1015 165 -

428 212 563 243 Brachia:
582 215 610 242 et
632 214 760 250 optatam
782 212 879 249 capies
900 220 954 250 per
975 211 1108 242 membra
1130 211 1272 250 quietem.

508 283 555 314 Sic
576 286 733 317 memorat,
751 282 917 321 fruiturque
939 282 1013 318 Deo,
1029 282 1230 321 comitumque
1251 282 1369 313 micanti

427 355 555 392 Agmine
576 354 745 392 divinisque
766 354 898 384 animum
921 354 1112 384 concentibus
1134 354 1245 392 explet.

427 426 523 464 Atque
545 425 593 455 olli
615 426 727 455 interea
748 426 884 456 revoluto
905 425 1002 455 sidere
1024 425 1093 455 felix

428 498 505 527 Hora
526 497 751 535 propinquabat.
766 496 836 533 Quis
857 504 907 526 me
928 497 1021 534 rapit?
1043 497 1141 535 accipe
1162 499 1271 532 vatem,

429 568 511 602 Diva,
529 570 623 597 tuum:
641 575 723 604 rege,
741 567 825 602 Diva,
842 569 937 597 tuum.
955 566 1048 597 Feror
1070 567 1178 597 arduus
1199 567 1269 597 altas

429 639 459 668 ln
481 639 585 669 nubes:
603 639 690 669 video
713 641 808 668 totuin
829 638 1009 668 descendere
1032 638 1157 669 Coelum

426 710 583 749 Spectandi
604 711 733 741 excitum
754 710 861 740 studio.
881 710 920 740 Da
942 709 1071 749 pandere
1092 710 1199 740 factum

426 782 545 818 Mirum,
562 782 716 817 indictum,
733 783 893 817 insuetum,
910 781 1029 819 ingens:
1054 782 1183 812 absistite
1205 789 1292 811 curae

428 854 609 891 Degeneres,
626 853 697 883 dum
718 862 796 883 sacra
820 861 903 883 cano.
928 853 987 883 Iam
1009 853 1083 883 laeta
1106 852 1251 887 laborum,

427 927 485 956 lam
508 935 566 956 non
590 929 662 956 tacta
684 929 778 961 metu,
794 925 881 955 saecli
903 926 1015 962 Regina
1037 924 1129 954 futuri

429 998 528 1028 Stabat
548 998 653 1032 adhue,
670 997 741 1027 nihil
763 997 823 1034 ipsa
845 1005 897 1026 suo
920 1004 987 1026 cuni
1009 995 1098 1025 corde
1119 995 1273 1030 caducum,

430 1068 476 1098 Nil
497 1068 622 1098 mortale
645 1070 759 1106 putans:
777 1066 856 1097 illam
879 1065 1041 1103 Natusque,
1058 1065 1213 1103 Paterque,

428 1137 542 1176 Quique
566 1137 645 1176 prius
665 1144 753 1175 quam
776 1136 823 1166 Sol
847 1135 949 1170 Coelo,
966 1143 1055 1173 quam
1077 1134 1159 1164 Luna
1184 1134 1302 1168 niteret,

430 1207 555 1245 Spiritus
577 1206 715 1236 obscuras
736 1206 795 1235 ibat
816 1212 906 1243 super
927 1204 1032 1240 igneus
1053 1202 1157 1237 undas.

430 1275 514 1304 Stant
535 1274 659 1309 circum,
683 1275 712 1303 et
733 1272 848 1310 magnis
870 1271 1057 1311 permulcent
1078 1273 1197 1309 pectora
1219 1270 1307 1300 curis.

432 1343 586 1372 Praeterea
608 1341 737 1371 redeunt
758 1341 856 1371 animo
877 1347 1083 1379 quaecumque
1104 1338 1252 1369 verendus

433 1410 553 1439 DIxerat
576 1409 733 1447 interpres:
751 1409 806 1439 acti
826 1408 889 1439 sine
910 1407 1041 1447 pondere
1063 1416 1192 1443 menses,

431 1477 629 1515 Servatus-que
651 1476 759 1514 pudor:
776 1476 870 1506 clausa
892 1484 986 1514 quum
1009 1476 1143 1514 protinus
1166 1475 1231 1505 alvo

431 1546 467 1584 (1)
490 1548 607 1575 noctem
629 1545 750 1582 Superis
771 1544 889 1579 laetam,
907 1547 936 1574 et
956 1543 1129 1574 mortalibus
1151 1543 1259 1581 aegris)

431 1612 512 1642 Sicut
534 1615 596 1641 erat
619 1611 703 1647 foliis,
719 1611 886 1650 stipulaque
909 1611 1009 1641 innixa
1031 1610 1159 1647 regenti,

432 1679 572 1709 Divinum
595 1682 744 1717 spectante
766 1678 844 1717 polo,
861 1678 1059 1717 spectantibus
1081 1678 1177 1714 astffls,

431 1748 501 1777 Edit
522 1755 604 1777 onus.
622 1746 719 1782 Qualis
743 1754 843 1776 rorem
865 1753 958 1784 quum
980 1753 1053 1776 vere
1076 1744 1185 1783 tepenti

433 1815 488 1844 Per
510 1814 631 1844 tacitum
651 1813 814 1843 matutinus
835 1812 959 1843 desudat
980 1812 1067 1842 Eous:

433 1882 469 1912 Et
491 1882 597 1920 passim
618 1884 729 1911 teretes
751 1880 850 1911 lucent
871 1888 924 1918 per
946 1878 1078 1917 gramina
1101 1880 1210 1915 guttae:

434 1950 522 1980 Terra
545 1949 652 1979 madet:
670 1948 768 1978 madet
790 1956 905 1987 aspersa
927 1947 981 1977 sub
1003 1949 1084 1976 veste
1106 1946 1202 1976 viator

436 2017 589 2054 Horridus,
613 2020 641 2047 et
663 2016 780 2054 pluviae
801 2015 863 2045 vim
885 2022 943 2045 non
964 2014 1090 2044 sensisse
1112 2013 1241 2043 cadentis
