1621 2522
838 151 875 159 .-
902 135 943 165 58
970 149 1006 157 ,-

423 214 570 245 Continuo
591 212 718 243 lacrimis
740 210 847 240 urbem
868 209 1029 238 veneratur
1051 204 1174 240 obortis;

422 280 611 318 1111εηύ11111ιο
632 286 747 312 manus„
764 279 793 306 et
814 275 849 305 ab
872 274 931 304 imo
954 274 1074 311 pectore
1096 271 1182 301 fatur:

501 344 684 376 Bethlemiae
708 346 815 376 turres,
832 343 860 370 et
882 347 943 369 non
964 338 1087 368 obscura
1108 341 1242 365 meorum

424 413 524 450 Regna
547 411 678 444 Patrum,
696 407 856 445 magnique
879 403 948 435 olim
971 403 1080 433 salvete
1103 401 1232 439 penates:

426 479 530 516 Tuque
552 485 568 506 o
590 475 679 505 Terra
701 481 807 512 parens
829 472 955 508 Regum,
972 468 1132 505 visuraque
1154 465 1277 502 Regem,

426 545 481 574 Cui
503 543 563 578 Sol,
580 545 609 572 et
630 540 739 579 gemini
760 537 939 569 famulantur
960 534 1085 566 cardinis
1106 540 1187 567 axes,

426 609 512 640 Salve
535 608 654 638 iterum:
674 609 701 636 te
722 613 795 635 vana
816 603 893 634 lovis
915 600 1060 632 cunabula
1083 599 1172 630 Crete

427 675 595 707 Horrescet,
612 674 761 710 ponetque
783 678 850 700 suos
873 666 1027 698 temeraria
1051 665 1149 695 fastus:

428 740 543 769 Moenia
568 742 595 768 10
617 738 738 767 Dircaea
760 737 898 765 trement:
917 733 1068 769 ipsamque
1090 728 1213 768 pudebit

429 806 581 843 Ortygiam
604 803 737 841 geminos
760 802 888 831 Latonae
911 797 1054 829 extollere
1076 798 1185 834 partus.

428 872 519 901 Parva
541 870 658 908 loquor:
677 875 771 906 prono
793 866 894 896 veniet
915 863 1081 893 diademate
1102 858 1229 897 supplex

430 936 478 966 Illa
501 938 605 974 potens
627 942 743 968 rerum,
760 935 968 967 terrarumque
991 926 1099 964 inclyta
1121 925 1223 954 Roma:

431 1000 468 1029 Et
489 997 741 1037 septemgeminos
763 995 918 1025 submittet
940 992 976 1022 ad
998 989 1096 1020 oscula
1117 990 1244 1022 montes,

431 1064 522 1099 Dixit,
540 1068 568 1094 et
591 1066 729 1094 extrema
751 1061 845 1091 movit
866 1058 990 1096 vestigia
1012 1063 1096 1085 voce:

434 1129 620 1166 Maturatque
642 1128 720 1157 viam
742 1126 851 1157 senior:
870 1123 1049 1161 tardumque
1071 1119 1173 1157 fatigat

435 1198 605 1228 Vectorem:
624 1197 654 1224 et
676 1193 752 1222 visas
775 1197 910 1229 gressum
931 1186 1055 1218 molitur
1077 1183 1111 1214 ad
1134 1191 1209 1212 oras,

514 1263 552 1292 Et
574 1261 632 1290 iam
654 1266 746 1297 prona
769 1256 831 1286 dies
853 1255 962 1285 fluetus
983 1250 1110 1289 urgebat
1131 1248 1242 1280 Iberos,

437 1330 605 1366 Purpureas
625 1324 729 1364 pelago
752 1322 860 1356 nubes,
878 1325 1045 1355 aurumque
1066 1314 1247 1351 relinquens.

437 1394 513 1424 Ecce
536 1395 634 1422 autem
656 1389 772 1427 magnis
794 1387 911 1426 plenam
933 1380 1127 1414 conventibus
1148 1378 1255 1408 urbem

438 1458 587 1491 Protinus,
603 1459 636 1486 ut
658 1462 780 1488 venere,
797 1455 933 1482 extremo
955 1457 970 1479 e
992 1447 1094 1477 111111110
1118 1446 1218 1483 portae

439 1522 624 1560 Adspiciunt.
642 1520 761 1549 Mistum
784 1516 970 1547 confluxerat
992 1512 1124 1549 undique
1146 1508 1264 1545 vulgus,

439 1587 537 1617 Turba
559 1587 674 1623 ingens⁴
694 1583 804 1614 Credas
826 1581 989 1619 longinque
1012 1585 1049 1607 ex
1072 1582 1200 1613 aequore
1221 1573 1319 1602 vectas

442 1653 486 1683 Ad
508 1659 623 1682 meroes
646 1656 830 1689 properasse:
849 1649 898 1677 aut
920 1642 1140 1675 devastantibus
1162 1646 1231 1669 arva

443 1716 592 1750 Hostibus,
609 1714 638 1744 in
661 1716 761 1743 tutum
785 1710 913 1749 trepidos
936 1707 1045 1745 fugisse
1067 1704 1195 1735 colonos.

446 1783 578 1813 Cernere
601 1782 663 1809 erat
684 1785 797 1817 perque
820 1775 976 1809 anfractus,
992 1778 1105 1811 perque
1127 1771 1203 1799 arcta
1224 1766 1340 1796 viarum

447 1848 558 1878 Cuncta
579 1844 711 1883 replesse
733 1843 823 1876 viros,
841 1839 1022 1876 confusoque
1044 1835 1148 1866 ordine
1169 1835 1287 1862 matres:

449 1910 607 1941 Permistos
629 1904 730 1945 pecori
754 1902 906 1941 agricolas,
922 1901 975 1930 hos
997 1899 1122 1935 iungere
1144 1895 1284 1934 plaustra:

449 1975 507 2005 Hos
531 1971 685 2003 intendere
706 1969 782 1999 vela:
801 1967 869 1997 alios
891 1963 1078 1995 discumbere
1100 1960 1207 2000 apertis

450 2039 623 2071 Porticibus:
642 2043 748 2067 resono
770 2032 911 2071 compleri
932 2033 1035 2061 cuncta
1062 2026 1201 2058 tumultu:
