1621 2522
819 132 862 138 .-
885 116 926 147 36
949 133 992 140 .-

406 180 463 212 Sed
484 182 566 213 coelo
588 186 620 213 ut
640 184 795 222 spatIetur‚
816 188 846 215 et
867 185 923 216 alta
945 186 981 217 ad
1001 187 1098 220 sidera
1120 189 1230 222 tendat.

486 242 544 273 Hos
565 248 630 282 post
651 244 820 283 insequitur
840 246 978 285 pulchros
999 252 1127 286 pennata
1148 259 1202 289 per
1223 255 1303 283 artus

406 305 540 336 Alituum
562 306 686 344 Regina:
710 315 809 338 sacrae
829 308 876 339 eui
897 310 1010 341 vertice
1030 310 1148 349 plumae

406 366 592 404 Adsurgunt:
616 367 753 407 flavoque
775 373 861 407 caput
883 370 1048 401 diademate
1069 372 1174 410 fulget.

406 427 468 465 Ipsa
490 428 595 465 ingens
616 428 679 464 alis,
701 429 829 466 ingentis
851 430 981 461 fulminis
1002 432 1093 462 instar

405 488 498 526 Supra
520 488 675 518 hominum
698 492 782 525 tecta,
805 498 836 520 ac
857 494 984 527 montes,
1007 500 1154 531 supraque
1175 494 1309 526 volucres

403 547 526 578 Fertur:
550 551 580 578 et
600 549 747 580 obstantes
768 558 856 580 cursu
878 552 953 589 petit
972 552 1057 582 obvia
1079 553 1183 584 nubes.

483 608 610 640 Ultimus
631 610 759 641 humana
780 611 869 641 sociat
891 612 1006 642 cervice
1027 612 1158 644 laborem

403 669 504 699 Alatus
526 672 610 707 tergo
632 670 763 701 Iuvenis:
788 671 835 701 cui
857 671 935 702 lutea
957 671 1041 703 laevo

405 729 450 759 Ex
472 729 598 760 humero
620 730 749 769 chlamys
770 731 839 762 Eois
861 733 993 771 inspersa
1013 733 1118 773 lapillis

403 790 531 821 Pendet:
555 799 620 821 eam
642 793 757 823 variant
778 796 899 823 centum
921 794 1009 832 longo
1031 795 1134 827 ordine
1156 797 1262 836 Regem

404 851 566 890 Antiquum
588 860 693 890 geHUS,
718 857 747 884 et
768 853 905 892 Solymae
926 855 1087 893 primordia
1108 858 1215 894 gentis,

403 912 488 943 Ostro
510 913 680 944 intertexti:
705 923 791 945 veros
812 923 991 953 cognoscere
1012 917 1110 948 vultus

403 973 454 1003 Est
476 973 554 1004 illie:
578 982 664 1005 veros
685 979 801 1006 montes
823 980 853 1007 et
874 977 996 1008 flumina
1018 979 1135 1009 credas:

402 1034 439 1063 Et
461 1042 530 1065 vera
551 1038 686 1066 extremo
707 1036 837 1074 Babylon
859 1037 935 1068 nitet
956 1046 1042 1069 aurea
1064 1039 1165 1070 limbo.

403 1096 462 1127 Tali
484 1097 612 1128 sidereas
635 1106 725 1129 curru
746 1099 904 1130 subvectus
926 1100 956 1131 in
978 1110 1060 1131 auras

400 1160 519 1191 Indutos
541 1161 671 1192 referens
692 1161 792 1201 spoliis
814 1163 992 1202 pallentibus
1013 1173 1093 1201 axes,

399 1222 557 1253 Perveniet
585 1225 666 1253 recto
687 1231 744 1262 qua
765 1224 904 1262 panditur
924 1225 1019 1256 orbita
1041 1229 1134 1257 tractu

401 1282 515 1318 Lactea,
538 1286 567 1312 et
588 1283 623 1312 ad
644 1282 729 1313 sedes
751 1283 831 1314 (lucit
852 1285 1002 1315 candentis
1024 1285 1152 1326 Olympi.

400 1342 460 1372 Illic
481 1346 599 1373 auratae
620 1351 718 1373 muros
738 1344 914 1375 mirabimur
934 1345 1027 1382 urbig,

399 1405 582 1444 Auratasque
604 1405 717 1443 domos,
740 1410 769 1437 et
790 1416 925 1445 gemmea
946 1411 1032 1445 tecta,
1054 1410 1176 1450 viasque

399 1467 568 1504 Stelliferas,
590 1468 761 1508 vitreosque
782 1470 846 1500 altis
869 1479 934 1501 cum
956 1473 1104 1503 montibus
1125 1482 1235 1505 amnes.

398 1528 494 1567 Atque
515 1529 566 1564 ibi,
588 1537 639 1559 seu
660 1531 761 1569 magni
782 1531 893 1562 celsum
915 1533 1066 1570 penetrale
1087 1534 1236 1571 Tonantis,

398 1589 468 1620 Sive
489 1590 559 1619 alios
581 1591 713 1622 habitare
735 1591 820 1628 lares,
843 1601 874 1623 ac
896 1579 971 1623 tecta
991 1594 1141 1625 minorum

400 1651 580 1682 Coelicolum
603 1652 730 1688 dabitur,
752 1653 848 1684 stellas
870 1662 1030 1685 numerare
1050 1655 1167 1686 licebit:

397 1707 732 1751 Su1·gentemquediem
754 1715 873 1752 pariter,
896 1716 1066 1755 pariterque
1087 1717 1239 1747 cadentem

398 1774 458 1805 Sub
480 1774 605 1814 pedibus
625 1779 769 1813 spectare,
792 1780 822 1806 et
842 1777 944 1816 longos
966 1778 1075 1808 ducere
1095 1778 1188 1809 soles:

398 1836 558 1875 Longaque
581 1837 711 1867 venturis
733 1837 911 1875 protendere
934 1839 1053 1869 nomina
1073 1840 1185 1870 saeclis.

475 1897 534 1928 Hae
555 1898 604 1928 ubi
627 1897 717 1928 dicta:
742 1898 840 1929 Patres
861 1899 964 1937 plausu
985 1908 1130 1938 excepere
1152 1901 1319 1940 frequentes

393 1957 555 1988 Fatidicuin
577 1958 694 1994 vatem,
715 1958 922 1998 sublatumque
942 1968 1051 1998 aggere
1072 1961 1153 1999 ripae

389 2017 540 2049 Adtollunt
561 2018 703 2055 humeris,
726 2018 895 2058 laetumque
916 2028 969 2058 per
990 2020 1052 2051 avia
1074 2020 1196 2051 ducunt.
