1621 2522
818 150 993 181 ...44-

402 226 517 262 Omnia,
538 234 613 265 quae
633 224 733 262 magni
755 231 847 253 verax
870 221 923 252 tibi
944 220 1018 250 dixit
1040 217 1157 257 Olympi

401 288 514 326 Aliger,
538 294 642 317 arcano
664 284 798 323 delapsus
820 283 855 313 ab
877 281 999 312 aethere
1022 287 1120 310 cursu.

481 348 531 379 Illa
552 348 606 379 51111
626 348 718 378 haec:
743 344 873 375 Miranda
895 342 943 373 alti
965 341 1030 381 quis
1050 340 1125 370 facta
1146 336 1296 372 Tonantis,

405 411 428 442 O
451 410 553 444 Mater,
576 408 697 439 meritas
718 405 800 437 coelo
822 413 897 444 quae
918 402 1022 433 tollere
1043 400 1145 431 laudes

406 472 472 502 Vox
494 471 605 510 queat?
627 467 774 499 exsultant
795 465 873 497 dulci
894 472 959 495 mea
981 466 1101 502 pectora
1121 464 1205 492 motu

403 530 525 563 Auctori
546 532 696 560 tantorum
717 534 857 565 operum:
882 524 933 564 qui
955 532 1003 554 me
1024 523 1082 553 ima
1102 524 1266 555 tenentem,

403 595 618 633 Indignamque
639 590 845 628 humilemque
867 587 927 619 suis
949 585 1081 625 respexit
1102 584 1137 615 ab
1158 582 1242 614 astris

404 655 527 686 Munere
548 661 607 692 quo
629 654 732 690 gentes
754 649 824 680 felix
847 656 915 679 ecce
937 655 995 678 una
1016 654 1070 685 per
1092 652 1195 675 omnes

405 716 467 748 lam
489 715 587 745 dicar:
612 720 667 743 nec
688 719 762 742 vana
783 709 871 740 sides:
896 708 1026 746 ingentia
1047 705 1164 746 quando

408 777 472 815 lpse
493 775 568 806 mihi
590 773 705 812 ingenti
726 770 888 802 cumulavit
909 777 1034 800 munera
1055 767 1160 798 dextra

408 837 613 876 Omnipotens2
636 838 829 872 sanctumque
851 832 913 863 eius
936 839 989 869 per
1010 828 1124 860 saecula
1145 834 1263 862 nomen,

409 898 447 928 Et
469 905 545 936 quae
566 905 620 935 per
640 903 760 933 magnas
782 892 937 924 clementia
960 890 1051 921 didita
1074 892 1164 920 terras

411 957 566 994 Ε1111111131·7
589 964 645 995 qua
668 954 775 994 passim
796 960 898 983 omnes
919 959 971 981 sua
993 950 1056 980 iura
1077 951 1216 979 verentes

412 1018 511 1057 Usque
532 1017 645 1051 fovens,
668 1014 749 1046 nullo
770 1012 921 1050 neglectos
942 1009 1053 1040 deserit
1074 1016 1158 1038 aevo.

413 1078 489 1108 Tum
510 1077 615 1107 fortem
638 1077 790 1106 exsertans
811 1073 982 1106 humerum⁷
1006 1069 1201 1107 dextramque
1223 1073 1385 1100 coruscam,

415 1142 531 1171 Insanos
552 1140 641 1177 longe
663 1138 762 1173 fastus,
785 1138 961 1173 mentesque
981 1132 1122 1171 superbas

415 1199 551 1238 Dispulit‚
575 1197 738 1236 afflixitque
759 1203 865 1234 super:
890 1193 1022 1231 solioque
1043 1193 1177 1230 potentes

414 1260 580 1291 Deturbans
602 1258 685 1289 dedit
704 1258 734 1288 in
756 1264 907 1296 praeceps,
931 1258 960 1285 et
981 1253 1017 1283 ad
1038 1253 1097 1283 ima
1118 1250 1275 1289 repressit:

415 1321 628 1359 Extollensque
650 1318 786 1354 humiles,
810 1317 906 1348 3116113
927 1316 958 1346 111
979 1314 1050 1345 sede
1071 1312 1197 1344 locavit:

416 1383 662 1421 Pauperiemque‚
684 1380 852 1417 famemque
874 1378 988 1416 fugam,
1012 1374 1146 1413 implevit
1167 1380 1277 1411 egenos

418 1444 551 1474 Divitiis:
575 1450 683 1472 vacuos
705 1444 818 1475 contra,
840 1439 995 1477 nudosque
1016 1435 1147 1475 reliquit,

415 1504 470 1540 Qui
492 1502 586 1533 nullas
608 1502 713 1540 opibus
734 1503 826 1531 metas
847 1506 975 1537 posuere
996 1495 1145 1535 parandis.

417 1565 568 1594 Postremo
589 1561 728 1593 Sobolem
750 1561 862 1599 (neque
884 1559 963 1589 enim
986 1556 1056 1587 dare
1076 1554 1171 1585 maius
1193 1550 1330 1587 habebat)

416 1624 575 1655 Aeternam
597 1623 719 1653 Genitor
741 1621 890 1655 Sobolem‚
913 1618 1076 1656 saeclisque
1096 1614 1227 1654 priorem

419 1684 573 1718 Omnibus,
597 1680 810 1720 aequalemque
832 1679 899 1714 sibi,
923 1678 960 1708 de
981 1676 1124 1714 sanguine
1147 1672 1199 1703 fidi

423 1746 555 1784 Suscepit
577 1743 665 1774 Pueri
687 1742 786 1780 (tantis
807 1740 887 1780 quod
909 1738 1071 1770 honoribus
1092 1742 1184 1766 unum

424 1808 530 1838 Deerat
550 1804 657 1842 adhuc)
679 1812 740 1834 non
762 1802 811 1832 ille
833 1801 933 1836 animi,
955 1804 1132 1835 morumque
1154 1800 1276 1825 suorum

424 1867 548 1899 Oblitus.
572 1865 686 1903 Quippe
707 1862 736 1893 id
757 1862 903 1892 meditans
925 1858 1102 1899 promiserat
1123 1855 1193 1886 olim

424 1926 569 1959 Sacrificis
590 1931 770 1964 proavorum
793 1921 894 1957 atavis,
916 1919 1059 1957 stirpique
1081 1917 1234 1954 nepotum.

505 1986 581 2017 Haec
601 1985 704 2023 Virgo.
728 1983 766 2013 At
788 1982 904 2016 Senior,
927 1979 1024 2010 nullus
1046 1977 1093 2008 cui
1114 1974 1194 2006 vocis
1217 1972 1350 2004 ademtae

426 2051 501 2083 Usus
523 2053 596 2086 erat,
618 2047 743 2087 supplex
764 2054 842 2077 nunc
864 2050 998 2083 gressum
1019 2041 1156 2071 observat
1178 2036 1286 2071 euntis,
