1621 2522
822 161 866 169 .-.
890 144 931 175 48
954 159 997 166 -.

410 217 581 248 Adcelerat:
605 216 771 255 relegitque
791 215 871 245 viam
890 223 944 254 per
965 217 1033 245 nota
1053 212 1196 244 locorum.

409 285 470 315 Nec
491 293 584 320 mora,
607 292 661 315 nec
682 284 799 322 requies
821 290 959 322 usquam:
982 289 1037 312 nec
1057 280 1168 311 lumina
1189 278 1291 314 flectit,

413 353 593 385 Coelicolum
614 352 749 391 quamvis
769 359 850 382 sacro
872 349 1051 381 circumdata
1072 352 1168 384 coetu,

412 421 511 451 Donec
533 420 567 451 ad
590 423 722 459 optatum
742 419 878 458 pervenit
898 417 998 448 sedula
1019 416 1120 446 limen.

412 490 507 527 Atque
529 489 580 523 ibi,
604 488 675 518 dum
696 489 833 518 consueta
853 494 905 517 suo
927 493 995 516 cum
1016 488 1135 524 pectore
1156 485 1252 513 versat

415 558 543 593 Gaudia,
567 557 716 597 paullatim
737 557 845 587 maturi
867 559 1000 594 tempora
1022 553 1133 584 ventris

416 624 584 655 Adventare
605 623 696 654 videt.
720 622 816 653 Scires
836 622 894 652 iam
916 622 1036 652 Numen
1058 620 1089 649 in
1110 618 1156 649 illa

416 692 532 723 Grande
554 692 631 730 tegi:
655 690 751 722 nullos
772 689 844 720 adeo
865 689 976 720 sentire
997 687 1113 718 dolores

418 760 471 791 Dat
491 759 632 798 superum
656 759 788 794 Genitor,
810 757 949 795 nullaque
970 764 1007 786 ex
1028 757 1111 794 parte
1132 752 1257 792 gravari.

496 827 611 857 Interea
633 830 711 856 terra
733 829 814 865 parta
837 826 893 855 iam
915 832 996 863 pace,
1018 823 1151 861 marique

417 896 567 934 Augustus
588 898 673 933 pater
694 893 798 924 aeratis
820 893 895 924 bella
917 892 1006 931 impia
1027 892 1118 931 portis

419 963 580 998 Clauserat,
604 965 633 992 et
654 961 756 992 validis
777 963 902 991 arctarat
922 960 1019 990 vincta
1041 958 1166 989 catenis:

419 1032 555 1069 Dumque
576 1038 642 1060 suas
664 1030 816 1068 Regnator
837 1037 918 1068 opes,
940 1028 1079 1066 viresque
1101 1026 1229 1065 potentis

422 1099 550 1137 Imperii,
573 1099 787 1136 exhaustasque
809 1096 899 1127 armis
921 1096 1055 1126 civilibus
1076 1094 1165 1125 urbes

422 1168 513 1198 Nosse
535 1167 629 1205 cupit;
652 1174 794 1204 magnum
814 1164 928 1196 censeri
949 1165 1070 1195 iusserat
1092 1163 1205 1198 orbem,

423 1235 554 1266 Describi
577 1234 699 1273 populos
719 1234 786 1269 late,
808 1240 1027 1271 numerumque
1048 1231 1153 1262 referri

424 1302 608 1333 Cunctorum
630 1301 665 1332 ad
685 1309 716 1331 se
736 1309 768 1331 se
789 1300 932 1339 capitum,
954 1306 1028 1338 quae
1049 1298 1178 1329 maxima
1199 1295 1285 1327 tellus

425 1371 565 1405 Sustinet,
589 1372 619 1399 et
643 1368 745 1406 rapido
767 1368 972 1407 complectitur
993 1374 1120 1406 aequore
1142 1365 1267 1396 Nereus.

426 1439 505 1476 Ergo
527 1445 631 1468 omnes
651 1436 701 1467 lex
722 1444 780 1466 una
800 1438 917 1466 movetz
940 1442 992 1464 sua
1013 1433 1132 1464 nomina
1153 1433 1277 1462 mittunt

428 1505 482 1541 Qui
503 1508 630 1539 montes,
653 1502 778 1538 Aurora,
801 1505 878 1537 tuos,
901 1509 992 1539 regna
1013 1500 1060 1530 illa
1082 1499 1184 1530 feracis

428 1572 597 1606 Armeniae,
620 1571 671 1609 qui
692 1569 851 1605 convalles,
873 1572 960 1607 alque
981 1568 1035 1598 alta
1057 1567 1199 1605 Niphatae

429 1639 504 1669 Saxa
527 1641 638 1672 tenent,
660 1636 749 1674 longe
770 1636 855 1674 pictis
877 1643 949 1673 gens
969 1637 1037 1665 nota
1059 1633 1213 1672 pharetriS,

431 1707 509 1737 Gens
531 1706 602 1736 fines
622 1705 747 1735 lustrare
767 1712 834 1734 suos
855 1711 914 1733 non
935 1702 1046 1740 segnis,
1068 1705 1097 1732 et
1119 1708 1187 1731 arcu

431 1772 491 1809 Qua
512 1780 604 1810 vagus·
626 1771 803 1810 Euphrates,
824 1778 881 1808 qua
902 1769 1006 1800 devius
1026 1768 1088 1798 exit
1109 1766 1231 1801 Araxes,

431 1841 541 1871 Felices
561 1842 681 1874 tractus,
703 1842 731 1868 et
753 1838 810 1868 late
829 1845 956 1868 munere
976 1836 1084 1866 Divum

433 1908 594 1938 Concessos
615 1904 773 1936 defendere
794 1912 878 1942 agros
899 1904 975 1934 bene
996 1902 1099 1933 olentis
1121 1900 1239 1931 amomi.

435 1976 582 2006 Censetur
603 1974 690 2004 Tauri
710 1973 827 2012 passim,
850 1975 985 2003 censetur
1005 1970 1109 2000 Amani

437 2044 547 2075 Incola:
571 2042 786 2082 praedatorque
809 2040 904 2071 Cilix:
929 2043 958 2070 et
980 2039 1102 2069 Isaurica
1123 2037 1255 2076 quisquis
