1621 2522
823 163 866 168 -.
890 145 930 176 46
955 160 998 167 -.

409 218 626 257 virgineosque
647 217 747 257 pedes,
772 219 926 254 tectaeque
947 214 996 244 dat
1018 212 1116 244 oscula
1137 214 1249 242 terrae:

411 284 496 317 Nunc
516 284 610 314 laetus
631 283 707 314 tollit
729 281 859 321 duplices
881 280 916 311 ad
937 279 1033 310 sidera
1053 278 1179 318 palmas:

411 350 534 389 Quoque
555 352 661 388 potest,
684 347 744 378 solo
765 350 889 378 testatur
910 344 1016 384 gaudia
1037 346 1127 375 nutu:

414 415 608 454 Ostenditque
628 422 718 444 manu
740 413 846 444 Vatum
869 414 911 442 tot
933 410 1038 448 scripta
1060 408 1212 448 priorum:

414 482 494 518 Quae
514 480 579 519 quis
600 482 705 517 agente
728 478 799 513 Deo,
822 476 982 516 quondam,
1005 474 1076 504 dum
1097 472 1157 502 vita
1177 470 1325 505 manebat,

418 546 528 581 Edidit,
552 548 581 575 et
601 543 717 583 populis
738 542 824 581 liquit
846 539 1018 571 celebranda
1040 537 1166 569 suturis:

417 612 534 644 Scilicet
555 610 679 640 effusum
702 608 795 638 tacitis
817 607 854 637 de
875 606 1004 637 nubibus
1026 604 1153 634 imbrem

421 677 599 713 Lanigerum
622 675 652 704 in
674 677 793 710 tergus.-
817 678 999 710 germenque
1020 677 1037 699 e
1058 668 1149 706 stirpe
1170 668 1303 697 vetustae

421 742 542 775 Arboris
563 748 742 778 exsurgens:
767 738 1047 774 incombustumque
1068 741 1173 765 sonoro

424 810 493 847 Igne
514 808 637 838 rubum:
662 809 691 836 et
712 805 815 844 priscis
837 803 952 834 stellam
974 802 1010 832 de
1031 800 1162 839 patribus
1183 800 1286 828 ortam.

423 875 502 911 Quae
523 873 594 904 dum
617 875 720 902 cuncta
742 870 824 909 gravi
846 868 964 899 venturi
986 866 1064 897 haud
1087 865 1176 895 inscia
1197 863 1262 893 visu

424 939 575 971 Percurrit
596 937 749 975 relegens:
775 934 831 965 alto
853 942 920 964 cum
943 931 1031 963 corde
1052 930 1166 960 volutat

428 1006 594 1042 Conceptus
616 1003 708 1040 Virgo
730 1000 871 1035 insolitos,
895 1001 925 1028 et
945 997 980 1027 ab
1002 996 1121 1026 aethere
1141 993 1251 1031 lapsam

428 1070 616 1108 Progeniem,
639 1067 758 1106 pluviae
779 1066 809 1096 in
830 1071 956 1098 morem,
977 1069 1052 1101 quae
1072 1059 1185 1090 vellere
1205 1057 1287 1089 molli

430 1136 573 1173 Excepta,
595 1132 672 1163 haud
694 1131 769 1162 ulios
791 1130 915 1165 sonitus,
937 1136 991 1159 nec
1012 1134 1165 1157 murmura
1185 1122 1293 1155 reddit.

432 1201 530 1240 Seque
550 1199 680 1234 Rubum,
704 1198 897 1235 virgamque,
920 1194 976 1225 alto
997 1201 1029 1223 se
1049 1191 1178 1230 denique
1198 1189 1316 1220 missam

434 1266 520 1297 Sidus
541 1264 652 1303 grande
673 1263 747 1294 mari
768 1268 905 1301 prorsum
927 1257 1127 1297 agnoscitque,
1149 1254 1308 1293 videtque:

436 1333 502 1363 Non
525 1334 622 1361 tamen
644 1337 711 1360 ausa
732 1327 824 1367 loqui,
849 1329 927 1357 tanto
949 1327 998 1354 aut
1018 1331 1049 1354 se
1072 1322 1170 1352 dicere
1191 1320 1309 1358 dignam

436 1397 574 1428 Munere:
598 1395 649 1426 sed
671 1394 757 1426 tacito
779 1393 886 1423 affectu
908 1391 973 1427 tibi,
994 1389 1124 1421 maxime
1146 1385 1255 1417 Divum

438 1463 552 1498 Grates,
575 1461 692 1496 flector,
715 1459 786 1497 agit,
807 1460 1000 1495 mentemque
1022 1454 1057 1485 ad
1078 1453 1174 1483 sidera
1195 1450 1279 1482 tollit.

518 1528 556 1557 Et
577 1527 633 1556 iam
656 1525 738 1555 Luna
759 1530 863 1554 cavum
885 1525 929 1552 ter
950 1521 1015 1551 luce
1037 1520 1201 1558 repleverat
1224 1517 1337 1551 orbem.

442 1594 499 1624 Ter
519 1593 615 1623 solitas
638 1591 674 1621 de
695 1598 778 1621 more
800 1590 923 1620 intrarat
944 1594 1026 1617 caeca
1047 1585 1188 1616 latebras:

442 1661 538 1697 Quum
560 1659 652 1695 Virgo
673 1658 703 1687 in
725 1655 851 1694 patriam
872 1653 1002 1684 reditum
1023 1654 1116 1690 parat,
1138 1648 1233 1679 omnia
1255 1644 1372 1688 quando

445 1726 532 1756 Certa
553 1723 645 1753 videt.
669 1721 803 1751 Subeunt
823 1718 947 1749 dilectae
968 1719 1049 1754 grata
1070 1713 1200 1745 Parentis

446 1789 606 1828 Adloquia:
632 1786 826 1823 adsuetaeque
848 1784 902 1822 piis
922 1781 1108 1813 sermonibus
1129 1779 1232 1809 aedes:

447 1856 585 1893 Quaeque
606 1851 758 1883 salutantis
780 1857 879 1884 voces,
901 1857 933 1878 ac
954 1847 1046 1878 verba
1069 1844 1192 1875 Ministri

449 1920 559 1956 Audiit,
583 1922 611 1949 et
633 1918 745 1956 primos
766 1915 883 1954 excepit
904 1913 976 1944 cella
998 1911 1131 1942 volatus:

450 1986 530 2017 Cella
552 1984 648 2015 choris
670 1988 810 2021 superum
831 1979 962 2013 lustrata,
985 1980 1013 2007 et
1034 1975 1149 2014 cognita
1171 1973 1273 2004 Coelo.

451 2053 531 2089 Ergo
553 2052 608 2081 iter
631 2050 781 2086 inceptum
802 2046 874 2082 caris
896 2044 1025 2082 digressa
1044 2040 1216 2081 propinquis
