1621 2522
829 108 867 116 -.
894 95 935 125 52
963 111 1000 119 .-

411 162 567 193 Praeterea
589 171 645 201 qua
666 172 697 193 se
720 163 867 194 Thracum
889 164 1031 196 Mavortia
1053 167 1139 198 tellus

409 220 524 256 Pandit,
541 225 570 251 et
590 222 741 260 algentem
764 222 907 261 Rhodope
928 226 1078 263 procurrit
1098 226 1128 256 in
1151 226 1288 258 Aemum:

408 279 469 316 Qua
491 280 644 311 Macedum
665 289 719 319 per
739 290 808 311 saxa
830 282 890 312 ruit
913 284 1094 314 torrentibus
1116 284 1202 315 undis

408 335 511 371 Axius,
535 336 751 374 umbrosaeque
776 339 879 374 tegunt
900 338 1116 376 Hatyachmona
1138 341 1230 379 ripae3

408 393 527 432 Quaque
546 394 622 431 jacet
644 394 714 424 (liris
736 403 823 426 omen
846 396 990 426 Pharsalia
1013 397 1114 434 hellis,

409 452 445 481 Et
467 453 511 482 bis
533 453 664 482 Romana
686 453 790 484 ferales
813 454 893 484 clade
916 455 1054 494 Philippi,

411 510 600 540 Conveniunt
622 511 722 549 populi
745 512 892 548 certatim,
908 516 937 542 et
956 513 1035 550 *iussa
1059 514 1217 544 facessunt.

409 569 467 599 Vos
490 570 577 599 etiam
599 573 713 600 vestros
736 571 779 600 his
801 571 976 602 adiunxistis
999 572 1143 609 alumnos,

410 627 530 657 Vicinae
552 628 659 666 passim
682 628 781 658 vacuis
804 628 860 658 iam
882 630 1038 660 moenibus
1061 631 1160 666 urbes,

408 686 553 724 Antiquae
575 686 731 717 Graiorum
753 688 851 723 urbes,
869 697 941 726 gens
963 689 1072 726 optima
1094 698 1212 721 morum

408 744 589 780 Formati-ix,
605 745 681 775 clara
703 746 830 783 ingeniis
857 750 886 777 et
909 748 1034 778 sortibus
1056 749 1142 779 ausis:

408 801 468 831 Seu
489 809 565 839 quae
586 801 705 833 litoreos
726 807 845 839 tractus,
862 808 1039 844 montesque
1061 807 1177 836 tenetis:

407 860 466 891 Seu
486 868 562 898 quae
584 869 637 899 per
658 862 770 892 medias
792 862 940 900 dispersae
963 864 1123 901 exsurgitis
1143 865 1246 895 undas.

408 920 483 949 Tum
505 918 579 948 latus
601 919 696 958 Epiri,
712 928 768 958 qua
790 920 976 951 formidabile
997 923 1092 952 nautis

407 978 562 1010 Adtollunt
583 987 698 1009 summo
721 983 807 1019 eaput
828 981 1044 1012 Acroceraunia
1065 982 1156 1013 coelo.

409 1043 501 1080 Urget
522 1050 605 1079 opus:
625 1041 743 1078 iamque
764 1040 879 1071 Alcinoi
901 1041 1052 1084 dati-egla
1074 1051 1206 1078 censum,

408 1098 600 1136 illyricaeque
622 1104 737 1131 manus,
754 1096 949 1135 impacatique
972 1098 1108 1135 Liburni,

407 1157 565 1193 Litoraque
587 1155 666 1184 [onio
688 1154 794 1192 passim
816 1155 927 1193 pulsata
949 1157 1105 1193 profundo.

407 1215 468 1245 Nec
490 1218 533 1250 tu,
548 1215 594 1245 cui
617 1214 676 1245 late
698 1215 859 1253 imperium
883 1218 1039 1254 terraeque
1068 1217 1218 1257 marisque

407 1273 547 1303 Bellatrix
570 1273 685 1311 peperit
707 1273 812 1307 virtus,
828 1276 857 1303 et
880 1273 1000 1304 Martius
1022 1274 1121 1312 ardor,

407 1331 471 1361 Non
494 1331 628 1370 populos,
644 1339 703 1361 non
725 1330 786 1369 ipsa
810 1334 883 1366 tuas,
900 1332 990 1362 Terra
1012 1333 1131 1371 inclyta,
1148 1337 1250 1372 gentes

406 1389 563 1424 Describe,
581 1389 672 1419 Terra
695 1398 750 1419 una
772 1390 870 1425 armis,
888 1394 917 1420 et
938 1390 1014 1421 foeta
1038 1391 1205 1430 triumphis,

407 1448 470 1477 Una
491 1448 562 1477 viris
582 1447 670 1485 longe
693 1447 819 1486 pollens,
836 1451 923 1487 atque
946 1449 1058 1480 aemula
1083 1450 1182 1480 Coelo:

408 1505 565 1535 Nubiferae
586 1513 673 1543 quam
696 1505 862 1543 praeruptis
884 1506 1060 1537 anfractibus
1081 1507 1170 1545 Alpes

407 1563 614 1600 Praeciugunt,
631 1563 821 1602 mediamque
842 1568 927 1602 pater
947 1569 1025 1595 secat
1047 1566 1231 1605 Apenninus,

406 1624 442 1653 Et
464 1623 617 1660 geminum
639 1624 740 1663 rapido
761 1624 852 1655 ssuctu
874 1625 1068 1656 circumtonat
1088 1635 1208 1665 aequor.

408 1685 596 1723 Descripsere
617 1693 696 1720 suos,
713 1686 847 1723 quamvis
869 1694 928 1716 non
949 1695 1004 1716 axe
1025 1687 1079 1717 sub
1100 1696 1170 1723 une,

406 1745 480 1775 Hinc
502 1745 621 1775 Rhenus
642 1748 725 1783 pater
746 1745 909 1784 indigenas,
927 1747 996 1778 hinc
1017 1747 1102 1778 latior
1122 1748 1207 1778 undis

407 1806 565 1836 Danubius:
584 1806 633 1844 qui
656 1806 798 1836 silvarum
820 1815 874 1846 per
894 1811 975 1838 vasta
997 1808 1127 1844 volutus,

407 1866 527 1896 Pascere
549 1874 607 1896 non
629 1865 763 1904 popum,
781 1875 839 1896 non
862 1867 994 1898 lambere
1016 1867 1123 1898 desinit
1145 1868 1245 1904 urbes,

407 1926 503 1956 Donec
525 1926 559 1956 ad
582 1929 709 1965 optatam
731 1926 832 1965 rapido
854 1928 936 1957 venit
958 1928 1075 1965 agmine
1097 1928 1223 1959 Peucen.

404 1985 478 2021 Quin
501 1990 527 2016 et
551 1995 686 2025 proceras
707 1989 855 2017 scrutatur
877 1987 968 2017 Gallia
990 1987 1090 2024 silvas,
