1621 2522
833 144 1008 176 -98-

417 212 481 250 lpse
502 212 574 242 mihi
597 213 667 243 haec
689 213 838 252 quondam
859 214 1010 255 (memini)
1032 217 1104 248 dum
1126 217 1191 249 talia
1214 227 1333 251 mecum

416 272 511 311 Saepe
532 273 633 311 agitat,
655 274 823 313 repetitque
844 275 957 311 volens,
980 284 1102 308 narrare
1124 278 1237 310 solebat

419 333 585 364 Coeruleus
607 334 741 365 Proteus:
764 336 892 366 mendax
913 337 937 367 si
960 340 1073 368 caetera
1095 339 1230 376 Proteus,

420 392 486 423 Non
508 397 607 425 tamen
628 395 683 425 hoc
705 403 793 426 vanas
816 397 920 427 effudit
941 399 1071 429 carmine
1093 408 1191 430 voces:

418 453 566 485 Adveniet
587 455 651 491 tibi,
675 456 821 493 iordanes,
843 459 1070 497 properantibus
1091 460 1186 496 anniS‚

417 514 576 551 Adveniet,
598 516 672 546 mihi
693 517 793 554 crede,
815 519 922 557 inquit:
947 520 1122 559 (certissima
1144 522 1269 553 Coelum

418 576 506 614 Signa
529 576 620 607 dedit:
643 586 698 608 nec
718 586 766 609 me
788 579 925 611 delusum
946 581 1061 612 oracula
1081 582 1198 621 fallunt)

418 636 473 672 Qui
495 639 524 667 te
545 637 616 668 olim
639 638 697 669 Nili
718 647 804 678 supra
827 641 1025 680 septemplicis
1046 646 1140 679 ortus,

416 696 511 735 Supra
533 697 650 734 Indum,
673 702 703 729 et
724 699 858 738 Gangen,
881 701 1052 741 fontemque
1073 703 1233 735 binominis
1255 705 1319 736 lstri

418 759 547 790 Adtollet
568 760 654 791 fama:
678 761 729 800 qui
750 764 779 793 te
801 762 981 802 Tyberique‚
1004 764 1142 804 Padoque

419 820 580 857 Praeferet‚
602 823 689 860 atque
711 825 777 853 tuos
798 824 882 853 astris
902 824 1038 863 aequabit
1058 825 1196 856 honores.

419 881 510 912 Cuius
531 882 562 912 in
583 882 714 913 adventu
737 883 834 914 tristes
856 883 1008 916 discedere
1029 886 1126 916 morbi

417 940 599 979 Corporibus
620 942 727 979 passim
748 943 900 981 incipient.
925 945 985 975 lam
1007 945 1083 976 victa
1105 950 1228 985 repente

418 1001 558 1037 Cessabit,
580 1005 681 1041 turpes
700 1011 835 1042 squamas
855 1005 1044 1045 maculasque
1065 1008 1197 1038 remittet

417 1062 485 1092 Dira
506 1062 579 1093 lues:
603 1062 773 1103 lacerosque
795 1064 914 1105 elephas
936 1067 1047 1098 effusus
1066 1068 1096 1099 in
1118 1071 1208 1105 artus,

417 1122 521 1153 Ulcera
541 1124 703 1161 sanguineo
723 1125 807 1156 sistet
827 1128 976 1159 manantia
998 1129 1075 1159 tabo.

495 1178 571 1215 Quin
593 1183 622 1210 et
642 1179 742 1211 letales
764 1181 857 1221 (dictu
878 1182 1027 1223 mirabile)
1049 1184 1146 1216 febres

415 1237 578 1275 Diffugient
599 1238 706 1275 iussae,
729 1248 919 1280 possessaque
939 1242 1074 1273 membra
1095 1243 1275 1284 relinquent:

498 1295 591 1326 Cedet
611 1299 641 1326 et
660 1296 781 1328 infestae
802 1298 963 1330 violentior
984 1301 1026 1331 ira
1048 1301 1169 1332 Dianae:

415 1354 459 1383 lra
481 1361 601 1389 nocenS,
625 1362 700 1393 quae
721 1354 861 1387 fulminea
883 1357 967 1388 velut
988 1358 1044 1389 icta
1064 1359 1161 1397 ruina,

416 1412 547 1451 Corpora
568 1421 635 1443 cum
657 1414 771 1452 gemitu
792 1415 827 1445 ad
850 1418 959 1447 terram
981 1418 1151 1456 prosternit,
1173 1422 1203 1450 et
1224 1420 1286 1458 igni

415 1471 578 1507 Interdum,
601 1480 680 1502 nunc
700 1472 827 1511 perdere
848 1482 922 1512 aqua
944 1474 1126 1513 (miserabile
1147 1476 1227 1516 visu)

414 1530 554 1560 Festinat.
579 1529 681 1568 Stygio
702 1530 845 1561 nimirum
867 1535 976 1563 armata
998 1540 1114 1564 veneno

414 1588 580 1626 Exsuperat
600 1588 657 1623 vis,
680 1590 709 1618 et
730 1596 848 1626 spumas
869 1589 928 1627 agit
950 1598 1001 1620 ore
1024 1593 1183 1622 tumentes,

494 1645 555 1676 Nec
576 1646 634 1676 iam
655 1646 734 1677 ultro
755 1646 844 1685 longo
864 1647 943 1678 vires
963 1648 1119 1680 minuente
1140 1653 1275 1686 veterno,

414 1702 559 1733 Tabificus
581 1706 757 1741 per·operta
777 1703 900 1742 impune
921 1705 1077 1743 vagabitur
1097 1706 1227 1745 hydrops

414 1759 514 1789 Exitio
535 1759 682 1797 obrepens
703 1759 892 1791 miserorum:
916 1763 1003 1800 atque
1024 1762 1123 1792 omnia
1144 1762 1201 1792 late

413 1815 533 1846 Viscera
556 1823 609 1853 per
629 1815 726 1845 varios
748 1816 853 1854 perdet
874 1817 1029 1848 tumefacta
1051 1817 1178 1848 dolores.

494 1870 561 1901 Non
583 1870 651 1901 alias
673 1871 789 1903 vinctae
812 1874 871 1902 tam
892 1873 997 1904 crebra
1018 1873 1134 1904 silentia
1156 1874 1275 1912 linguae

413 1927 610 1965 Abrumpent:
634 1929 751 1958 noctem
773 1930 823 1958 aut
843 1928 928 1958 toties
950 1928 1143 1968 tenebrasque
1164 1930 1279 1968 priores

413 1982 573 2013 Excutient
593 1982 682 2019 oculi,
703 1968 755 2022 qui
774 1991 936 2022 numquam
956 1983 1061 2020 sidera,
1083 1993 1247 2024 numquam

412 2037 576 2069 Ardentem
597 2038 697 2077 magni
718 2038 859 2070 viderunt
879 2039 1011 2079 lampada
1031 2039 1111 2070 solis.
