1621 2522
800 150 837 156 —-
866 134 928 165 104
952 151 994 157 —

392 197 457 229 Non
477 202 626 238 sceptrum
647 202 768 233 invadet
790 203 900 242 Cypri:
925 213 984 236 non
1005 204 1107 245 Caspia
1129 215 1219 246 regna

390 264 529 304 Diripiet:
552 275 610 298 non
632 269 749 300 exuviis
770 270 919 309 Babylona
939 273 1099 312 superbam

389 331 498 363 Eruet:
522 338 571 364 aut
592 335 649 366 alto
670 336 790 368 scandet
813 338 954 377 Capitolia
976 348 1077 376 curru,

389 398 529 431 Militibus
551 402 672 439 circum,
696 408 727 435 et
746 405 823 436 laeto
845 407 1003 437 comitante
1025 408 1146 439 Senatu.

388 466 446 497 Sed
467 469 556 499 maris
577 470 714 502 undisoni
738 476 854 510 tractus,
878 477 907 504 et
928 474 1014 505 litora
1036 475 1123 514 longe

390 534 488 566 Curva
508 545 620 574 secans,
642 539 739 571 media
760 541 853 573 socios
874 543 930 574 sihi
951 547 1074 582 quaeret
1094 544 1125 574 in
1147 547 1225 574 acta:

387 601 598 645 Dispersosque
619 607 693 638 mari
715 612 829 646 1111111115,
853 610 1007 650 nudosque
1028 612 1148 643 colonos

387 667 550 707 Undarum,
570 672 684 705 sinuosa
706 674 788 706 fretis
808 676 914 708 iactare
935 681 1070 717 parantes

386 735 481 773 Retia,
503 742 624 770 vexatas
645 744 694 772 aut
714 742 771 773 iam
793 751 930 783 reparare
951 754 1072 784 sagenas

386 802 542 841 Sollicitos,
565 806 655 838 Patris
677 808 713 839 ad
735 809 851 847 solium,
874 820 905 842 ac
925 821 976 843 sua
998 816 1075 844 tecta
1097 814 1223 845 vocabit.

387 871 484 911 Atque
506 873 571 904 ollis
592 875 637 906 ius
660 885 759 914 omne,
782 883 1017 920 potestatemque
1038 881 1179 913 medendi

385 939 527 972 Adiiciet:
552 943 664 981 pellent
683 946 814 982 moi-bos,
837 946 1000 987 dentesque
1021 949 1183 980 retundent

386 1007 547 1046 Vipereos:
571 1010 698 1051 Orcique
719 1013 793 1044 acies
814 1023 846 1045 ac
867 1019 995 1046 monstra
1018 1016 1172 1055 fugabunt.

383 1075 459 1112 Quin
481 1080 509 1107 et
531 1079 666 1110 custodes
687 1080 796 1112 foribus
819 1083 959 1114 radiantis
982 1084 1100 1125 Olympi

384 1144 561 1177 Praeficiet:
584 1156 702 1180 servare
724 1149 828 1187 aditus,
852 1154 881 1182 et
902 1151 1026 1183 claustra
1048 1153 1163 1184 iubebit

383 1211 491 1248 Aurea,
514 1214 597 1252 queis
618 1223 677 1245 11011
699 1215 756 1246 ulla
778 1220 866 1255 queat
887 1218 931 1248 vis
951 1227 1038 1250 saeva
1059 1228 1168 1251 nocere

383 1280 595 1318 Eumenidum,
618 1282 744 1322 durique
767 1285 940 1317 umbrarum
963 1287 1106 1318 obsistere
1127 1291 1237 1326 postes.

383 1346 459 1378 Tum
479 1348 563 1379 sedes
586 1350 692 1388 passim
715 1352 847 1382 emeritis
869 1353 1003 1385 duodena
1026 1363 1079 1393 pei·
1101 1358 1176 1385 astra

382 1414 532 1446 Instituet:
557 1415 689 1448 distincta
710 1427 777 1449 suos
799 1419 836 1449 de
857 1428 941 1451 inore
961 1425 1103 1460 sequetur

381 1482 479 1513 Turba
501 1483 612 1514 Duces:
637 1484 678 1515 illi
700 1484 792 1524 leges,
816 1490 845 1517 et
866 1491 962 1518 sancta
985 1490 1095 1520 vocatis

379 1548 444 1580 lura
467 1550 589 1587 dabunt,
612 1551 714 1591 plausu
735 1554 884 1585 sociorum
905 1558 992 1594 atque
1014 1556 1133 1594 agmine
1155 1555 1235 1587 laeti.

380 1616 501 1654 Felices,
524 1619 574 1657 qui
598 1619 656 1650 iam
677 1621 793 1659 cymba,
815 1622 965 1662 remisque
987 1623 1107 1660 relictis,

379 1683 443 1715 Alta
464 1686 590 1716 serenati
613 1688 811 1719 conscendent
833 1690 960 1721 culmina
981 1691 1066 1721 coeli.

379 1752 533 1784 Praeterea
556 1753 591 1793 (si
613 1759 692 1786 certa
715 1756 799 1792 fides,
824 1766 878 1788 nec
899 1766 973 1789 vana
995 1758 1086 1789 futuri

379 1820 503 1858 Gaudia)
525 1825 661 1859 cognatas
682 1824 772 1853 etiam
793 1825 991 1863 spectabimus
1013 1825 1104 1856 undas

379 1886 509 1918 Lenaeos
531 1888 607 1918 verti
630 1889 659 1919 in
682 1889 789 1921 latices.
817 1891 857 1921 Ea
878 1891 1007 1930 primum
1030 1892 1126 1922 Deum
1148 1891 1211 1922 Rex

376 1953 500 1990 Arcana,
523 1954 576 1985 hos
598 1955 708 1994 primos
730 1965 784 1995 per
804 1957 887 1996 signa
909 1958 1043 1989 ostendet
1063 1958 1190 1989 honores

377 2020 497 2061 Accepti
519 2021 576 2053 late
597 2023 723 2063 imperii.
749 2024 905 2058 Mirabitui·
926 2031 1027 2058 auctus
