1621 2522
793 159 837 166 -
863 144 901 174 14
928 159 965 166 .-

378 212 554 251 Incessuque
575 212 746 251 habituque,
769 213 905 251 ingentes
927 212 1052 251 explicat
1072 212 1145 243 alas:

379 274 421 304 Ac
443 275 525 305 tectis
547 275 604 305 late
624 275 773 306 insuetum
795 275 932 305 diffundit
953 274 1087 305 odorem.

382 336 449 367 Mox
472 337 552 375 prior
573 337 661 368 haec:
686 337 783 368 Oculis
804 337 884 368 salve
905 337 957 367 lux
979 336 1077 367 debita
1098 338 1214 373 nostris,

381 400 557 439 Iampridem
578 403 682 430 notum
704 400 784 430 coelo
805 400 900 435 iubar,
924 400 1033 438 optima
1054 399 1157 437 Virgo,

381 463 436 493 Cui
457 471 520 493 sese
544 466 584 493 tot
606 462 691 498 dona,
717 466 758 492 lot
780 463 950 501 explicuere
971 462 1099 492 merenti

382 525 506 555 Divitiae
528 532 684 562 superum:
708 524 851 563 quidquid
875 525 1017 563 rectique7
1039 523 1185 562 probique

382 588 509 618 Aeterna
531 587 568 617 de
590 591 691 618 mente
712 587 794 617 fluit:
818 588 972 626 purissima
994 586 1137 625 quidquid

382 649 426 679 Ad
449 653 539 680 terras
560 658 677 680 summo
699 649 823 680 veniens
844 649 991 688 Sapientia
1013 648 1094 679 coelo

384 711 453 742 Fert
474 720 586 747 secum,
610 715 638 742 et
659 711 753 750 plenis
774 711 926 742 exundans
948 712 1045 742 Gratia
1066 711 1149 741 rivis.

385 774 424 804 Te
448 774 570 804 Genitor
590 774 686 805 stabili
708 775 825 804 firmam
846 774 900 805 sibi
921 774 986 812 lege
1007 774 1141 809 sacravit,

385 837 546 876 Perpetuos
567 838 689 868 Genitor
711 847 813 868 cursus
835 838 885 876 qui
909 840 1054 875 temperat
1075 837 1173 867 astris:

385 899 611 937 Mansuramque
633 902 682 928 tuo
705 899 770 929 fixit
791 899 845 929 sub
867 902 986 937 pectore
1007 898 1119 929 sedem.

386 960 497 991 Idcirco
518 965 618 992 coetus
641 962 716 992 inter
738 962 904 993 veneranda
926 962 1047 1000 pudicos

387 1023 450 1053 Una
473 1032 514 1058 es,
538 1032 626 1062 quam
647 1024 711 1054 lat1s
733 1024 806 1054 coeli
828 1024 858 1054 in
879 1024 1049 1061 regionibus
1070 1023 1140 1053 olim

387 1086 441 1115 Tot
462 1086 569 1116 Divum
591 1087 742 1116 celebrent
762 1095 865 1116 voces:
890 1087 964 1125 proh
986 1086 1089 1123 gaudia
1112 1086 1198 1116 terris

387 1152 497 1188 Quanta
520 1153 619 1183 dabis!
644 1155 758 1192 quantis
781 1154 934 1184 hominnm
955 1161 1127 1183 succurrere
1150 1153 1226 1183 votis

388 1219 531 1258 incipies!
556 1220 673 1259 Stupuit
694 1220 845 1251 confestim
867 1220 1008 1250 exterrita
1030 1220 1138 1257 Virgo:

387 1287 562 1325 Dimisitque
584 1286 698 1317 oculos:
726 1290 858 1325 totosque
879 1286 1021 1325 expalluit
1041 1289 1131 1316 artus.

389 1355 454 1385 Non
476 1363 560 1385 secus
582 1363 613 1385 ac
634 1354 752 1384 conchis
773 1354 797 1384 si
820 1354 937 1392 quando
959 1354 1071 1384 intenta
1093 1353 1228 1392 legendis

388 1423 447 1453 Seu
470 1422 583 1452 Micone
605 1430 705 1460 parva,
728 1420 854 1459 scopulis
874 1429 926 1450 seu
948 1420 1023 1450 sorte
1038 1420 1154 1459 Seriphi

390 1489 474 1520 Nuda
497 1488 603 1527 pedem
624 1489 721 1526 virgo,
744 1487 836 1517 laetae
857 1495 931 1517 nova
953 1487 1045 1525 gloria
1068 1487 1180 1522 matris,

389 1556 549 1587 Veliferam
570 1555 698 1585 advertit
718 1556 813 1585 vicina
835 1555 868 1584 ad
891 1555 978 1585 litora
1000 1555 1121 1593 puppim

390 1624 572 1657 Adventare,
596 1623 695 1653 timet:
720 1631 774 1653 nec
797 1623 855 1652 iam
876 1621 1041 1652 subducere
1063 1624 1176 1652 vestem

390 1691 498 1726 Audet,
521 1699 574 1721 nec
596 1693 659 1720 tuto
681 1689 715 1720 ad
737 1690 828 1720 socias
848 1698 878 1719 se
900 1689 1025 1720 reddere
1047 1698 1153 1719 cursu:

391 1760 448 1791 Sed
472 1759 621 1797 trepidans
642 1757 718 1792 silet,
743 1758 908 1795 obtutuque
930 1756 1088 1786 immobilis
1110 1756 1220 1785 haeret.

392 1827 441 1858 Illa
463 1826 592 1856 Arabum
616 1833 740 1859 merces,
764 1827 793 1854 et
815 1824 960 1854 fortunata
983 1823 1093 1860 Canopi

393 1893 474 1922 Dona
496 1892 601 1926 ferens,
625 1890 712 1920 nullis
734 1889 845 1920 bellum
866 1888 1039 1919 mortalibus
1061 1888 1164 1918 infert:

393 1962 450 1993 Sed
473 1961 575 2000 pelago
597 1959 727 1990 innocuis
749 1958 935 1988 circumnitet
956 1957 1154 1987 armamentis.

474 2031 548 2062 Tum
570 2029 674 2060 rutilus
695 2027 768 2058 coeli
789 2026 950 2064 Alipotens‚
973 2025 1018 2055 cui
1039 2024 1129 2056 lactea
1152 2024 1229 2056 fandi
