1621 2522
812 183 856 189 -.
881 164 923 195 78
953 180 996 186 -

402 241 526 272 Donavi:
545 239 690 278 regnique
711 238 741 268 in
762 239 887 275 partem,
904 240 1089 273 operumque
1110 230 1221 268 recepi:

403 306 638 343 Praecipuosque
661 301 762 337 habui,
777 301 928 338 lectosque
952 298 986 328 ad
1008 298 1084 328 iussa
1105 296 1264 327 Ministros:

404 373 502 412 Usque
525 371 597 402 adeo
619 371 677 400 fixa
699 367 810 407 antiqui
832 370 887 397 stat
907 365 999 404 gratia
1020 364 1098 395 facti.

405 438 464 468 Nec
486 437 584 466 mitius
606 438 634 465 et
656 437 768 464 nostras
790 432 911 463 audistis
931 439 1017 469 saepe
1038 428 1184 468 querelas:

406 503 586 540 Vitlistisque
608 508 713 538 graves
735 498 876 529 flammati
899 496 1025 535 pectoris
1047 497 1152 525 aestus:

409 568 490 597 Tunc
510 573 603 604 quum
624 564 719 603 prima
741 570 832 593 novas
854 561 916 598 egit
936 559 1085 589 dementia
1107 560 1209 595 gentes

409 631 532 660 Arboris
554 628 720 658 auricomae
742 626 879 657 coelestia
902 631 1023 662 carpere
1044 630 1141 662 poma:

410 697 499 726 Poma
522 695 602 733 gravi
625 701 707 724 seros
729 695 816 730 gustu
837 691 951 721 laesura
973 691 1106 727 nepotes.

412 762 534 792 Munere
556 761 627 799 quin
648 759 798 798 Superum
820 756 956 794 indignas
977 753 1132 793 spoliastis,
1148 756 1177 782 et
1198 751 1301 781 umbra

413 828 570 858 Sacrorum
592 825 649 855 late
671 831 839 854 nemorum:
858 821 1038 858 adsiduoque
1059 818 1159 848 labore

413 891 554 922 Multastis
576 890 709 937 miseras,
724 888 803 917 vitae
825 889 854 916 et
875 884 1062 916 brevioribus
1084 882 1177 912 annis.

413 958 488 994 Quid
512 959 643 993 repetam
664 953 757 983 veteri
779 954 909 989 sumptas
930 949 967 979 de
988 948 1113 978 crimine
1136 946 1261 984 poenas?

416 1021 622 1058 Exsiliumque
643 1018 769 1048 informe
792 1015 893 1050 Erebi,
910 1014 1105 1050 tenebrasque
1127 1010 1276 1049 repostas?

416 1086 495 1122 Quae
520 1084 605 1115 tacito
626 1090 744 1113 mecum
765 1079 914 1119 spectastis
935 1077 1060 1108 lumine:
1077 1078 1106 1106 et
1126 1074 1217 1104 iidem

418 1151 576 1180 Terrarum
598 1150 708 1178 sortem
729 1144 835 1175 moesti
858 1142 1023 1173 indoluistis
1045 1139 1191 1170 acerbam.

419 1215 476 1245 Aut
498 1215 585 1244 etiam
607 1216 639 1243 ut
661 1212 755 1242 nostri
776 1210 864 1247 longo
886 1211 951 1247 post
974 1209 1107 1244 tempore
1131 1202 1247 1233 tandem

420 1282 550 1311 Pectoris
572 1278 728 1309 indomitas
749 1275 904 1307 clementia
927 1272 1032 1303 vicerit
1054 1271 1127 1301 iras?

420 1347 532 1384 Visque
553 1352 655 1375 arcana
676 1343 759 1373 leves
780 1340 891 1371 sensim
913 1338 1038 1369 demissa
1059 1344 1113 1375 per
1134 1342 1219 1365 auras

420 1410 608 1441 Foecundam
630 1410 754 1439 intactae
776 1405 931 1445 complerit
953 1402 1084 1441 Virginis
1106 1400 1224 1431 alvum?

422 1477 467 1506 An
490 1479 604 1505 temere
625 1474 692 1508 hoc,
709 1472 848 1510 nullaque
871 1472 968 1500 actum
988 1467 1103 1498 ratione
1124 1464 1249 1504 putatis?

424 1540 536 1579 Quippe
559 1539 596 1568 ita
618 1544 770 1567 mansuras
791 1535 890 1565 decuit
909 1542 958 1563 me
981 1540 1090 1571 ponere
1111 1530 1202 1567 leges:

426 1606 487 1641 Quo
510 1608 675 1642 terraeque,
692 1602 846 1641 polusque⁷
862 1599 1009 1633 homines,
1026 1596 1152 1634 Divique
1173 1593 1301 1624 vicissim

426 1672 608 1702 Foederibus
628 1672 739 1699 starent
760 1668 858 1702 certis,
875 1669 905 1696 et
926 1666 1050 1703 pignore
1072 1666 1151 1693 tanto

428 1737 591 1767 servarent
612 1740 776 1763 memorem
798 1734 939 1768 cognatae
960 1728 1058 1767 stirpis
1080 1732 1221 1756 amorem.

428 1803 523 1839 Quare
545 1801 632 1838 agite,
650 1803 679 1829 et
700 1799 757 1829 iam
780 1805 857 1828 nunc
880 1796 1006 1826 humana
1028 1792 1168 1831 capessite
1189 1790 1254 1820 fata:

430 1868 471 1897 Ac.
493 1867 623 1905 primum
646 1864 726 1894 duris
748 1862 831 1902 parvi
853 1862 907 1891 sub
929 1859 1061 1890 cautibus
1083 1856 1158 1887 antri

432 1929 606 1960 Gramineos
626 1927 748 1958 lustrate
771 1928 860 1955 toros:
877 1924 998 1953 lustrate
1019 1921 1135 1951 beatam

433 1992 613 2031 Pauperibus
635 1989 736 2020 sedem
759 1986 889 2018 calamis:
908 1984 1065 2022 cunctique
1087 1985 1221 2012 recentes

436 2055 578 2086 Submissi
602 2061 690 2083 cunas
712 2050 857 2085 adcedite‚
875 2049 946 2079 (lum
968 2047 1014 2085 pia
1037 2045 1130 2076 Mater
