1621 2522
837 147 879 153 -
908 131 947 161 1ss
975 144 1012 152 -

430 201 531 240 Copia,
554 200 705 239 divinique
726 201 822 231 fluunt
844 208 860 230 e
880 202 1000 238 pectore
1020 206 1102 229 rores

428 265 610 301 Ambrosiae,
632 265 739 303 quibus
760 264 809 294 ille
831 271 911 294 acres
931 262 1063 293 mulcere
1083 261 1222 300 procellas

428 328 531 362 Possit,
555 330 584 356 et
606 327 693 356 iratos
716 325 818 364 pelago
840 324 988 364 depellere
1009 326 1129 354 ventos:

507 389 601 423 Exue,
624 388 687 423 Dia,
710 390 806 417 metus
826 387 935 422 animo,
958 386 1088 425 paritura
1109 385 1273 415 verendum

430 451 590 481 Coelitibus
612 450 740 485 Numen⁷
763 453 936 488 sperataque
959 449 1062 487 gaudia
1084 448 1180 484 terris,

428 513 647 550 Aeternamque
668 511 769 541 datura
790 512 873 542 venis
894 520 948 549 per
967 510 1080 541 saecula
1101 518 1211 549 pacem.

429 576 506 605 Haec
527 583 582 612 ego
602 575 715 604 siderea
736 575 842 604 missus
864 574 916 604 tibi
937 573 1068 604 Nuncius
1089 581 1165 608 arce,

430 638 568 669 Sublimis
590 638 701 668 celeres
722 637 804 667 vexit
824 644 914 675 quem
935 644 1031 675 penna
1052 644 1105 674 per
1126 644 1220 671 auras,

429 701 589 735 Vaticinor,
611 708 672 730 non
694 700 823 734 insidias,
846 707 905 729 non
926 703 1044 729 nectere
1066 698 1182 728 fraudes

430 763 575 793 Edoctus:
600 763 687 800 longe
709 771 724 792 a
746 762 853 791 nostris
874 762 952 791 fraus
973 761 1085 791 exsulat
1107 762 1174 791 oris.

429 826 542 864 Quippe
564 826 606 855 tui
628 833 769 862 magnum
791 832 895 862 magna
918 825 1101 854 incrementa
1122 832 1175 862 per
1197 824 1299 853 orbem

429 889 491 926 Ipsa
512 887 584 917 011111
606 887 719 921 Partus,
742 887 846 924 Virgo,
869 886 1041 924 sobolisque
1062 886 1163 916 beatae

429 949 596 988 Adspicies:
619 948 718 978 vincet
740 955 875 986 proavos,
898 947 1088 985 proavitaque
1109 946 1198 984 longo

429 1011 580 1041 Extendet
600 1010 662 1040 iura
685 1010 821 1047 1111110110,
843 1008 1017 1047 populisque
1038 1008 1147 1038 vocatis

429 1073 473 1102 Ad
495 1072 613 1106 solium,
637 1071 692 1101 late
713 1071 848 1108 ingentes
869 1070 1071 1100 moderabitur
1093 1070 1200 1100 urbes:

430 1136 491 1165 Nec
511 1135 618 1172 sceptri
640 1134 698 1164 iam
720 1134 786 1163 linis
807 1133 874 1168 erit,
897 1140 951 1163 neo
973 1132 1116 1162 terminus
1137 1131 1212 1161 aevi.

429 1197 504 1233 Quin
525 1198 609 1227 iustis
629 1196 780 1235 paullatim
802 1196 905 1226 animis
926 1180 1124 1234 puloberrlma
1145 1197 1247 1233 surget

432 1260 568 1298 Relligio.
592 1259 658 1290 Non
680 1262 810 1289 monstra
831 1259 897 1297 piis,
919 1258 971 1288 sed
992 1258 1131 1293 Numina,
1154 1257 1267 1296 templis

433 1327 592 1357 Placabunt
613 1329 706 1356 castae
727 1325 798 1355 diris
819 1325 883 1355 sine
903 1324 1040 1354 caedibus
1062 1332 1138 1353 arae.

512 1394 643 1423 Dixerat.
667 1392 717 1422 1113
738 1392 868 1422 animum
888 1391 988 1422 sedato
1009 1395 1127 1430 pectore
1149 1391 1280 1425 firmans⁷

434 1461 582 1496 Substitit,
604 1464 633 1490 et
654 1459 766 1499 placido
787 1459 919 1489 breviter
939 1459 980 1488 sic
1001 1467 1053 1488 ore
1074 1458 1168 1488 locuta
1190 1461 1249 1488 est:

435 1529 641 1567 Conceptusne
661 1527 735 1557 mihi
757 1526 885 1561 tandem,
908 1529 1067 1564 partusque
1089 1525 1213 1560 1111111113,

434 1597 550 1632 Sancte,
573 1596 684 1626 refers?
703 1603 793 1625 mene
814 1597 937 1624 attactus
957 1593 1089 1632 perferre
1109 1593 1210 1623 viriles

435 1665 521 1694 Posse
542 1664 645 1702 putas?
667 1662 712 1692 cui
734 1661 782 1691 vel
802 1661 908 1691 nitenti
928 1660 1030 1690 matris
1051 1659 1086 1689 ab
1108 1659 1184 1689 alvo.

435 1731 570 1761 Protinus
591 1730 797 1760 inconcussum
819 1731 848 1758 et
870 1726 1056 1757 ineluctabile
1076 1727 1180 1755 votum

435 1797 596 1836 Virginitas
617 1796 670 1826 11111
690 1804 764 1825 una:
788 1802 843 1824 nec
864 1797 907 1824 est
929 1802 981 1823 rur
1000 1792 1116 1823 solvere
1136 1794 1247 1821 amatae

436 1867 501 1897 Iura
523 1864 679 1903 pudicitiae
701 1862 827 1901 cupiam,
850 1864 899 1891 3111
920 1861 991 1891 haec
1012 1859 1129 1890 foedera
1151 1867 1297 1898 rumpam.

438 1934 530 1963 11111110
552 1933 629 1967 istas,
650 1930 727 1969 quod
750 1933 780 1960 tu
802 1928 924 1959 minime
945 1928 1003 1958 iam
1024 1935 1102 1962 rere,
1126 1934 1178 1965 per
1200 1934 1296 1961 aures,

437 2000 555 2039 Excipit
576 2000 735 2037 interpres,
756 1995 930 2026 foecundam
951 1994 1077 2033 Spiritus
1098 1993 1196 2024 alvum
