1621 2522
840 161 883 167 .-
907 144 948 176 82
972 160 1015 166 ..-

424 222 531 252 Rectus
552 220 654 250 Amor:
678 226 768 257 quem
790 216 869 247 nuda
890 215 987 250 Fides,
1011 213 1142 253 Spesque
1166 212 1255 243 inscia
1277 210 1371 242 luctus

422 293 600 327 Vadenlem,
624 292 700 321 mira
721 290 878 320 unanimes
900 288 1011 327 pietate
1032 293 1159 321 sorores,

424 366 598 396 Observant.
623 362 764 400 Sequitur
783 369 854 390 mox
876 359 1023 397 inculpata
1045 357 1198 395 Voluptas,

427 437 584 474 Gratiaque
607 438 635 465 et
656 434 773 464 niveam
796 432 922 463 suadens
947 429 1110 461 Concordia
1133 436 1245 468 pacem.

424 508 580 545 Quumque
602 505 826 544 propinquasset
846 505 960 541 portae,
982 509 1058 539 quae
1080 500 1208 530 maxima
1230 499 1311 529 coelo

427 578 551 612 Dicitur,
575 579 788 612 aeternumque
809 573 897 603 micat
918 570 1029 602 radiata
1050 569 1178 600 coruscis

427 649 585 679 Astrorum
606 646 709 684 signis:
732 644 849 684 quando
872 642 1046 673 mortalibus
1068 642 1163 679 aegris

426 721 501 750 Dant
522 719 639 750 nimbos
661 717 743 752 aliae,
767 720 796 746 et
818 715 960 745 damnant
982 714 1108 752 caligine
1129 717 1233 749 terras,

425 792 600 822 Subcinctae
621 791 780 819 occurrunt
801 787 896 817 Horae
916 785 1141 825 properantibus
1163 785 1223 815 alis:

426 863 577 895 lnsomnes
598 862 702 892 Horae:
732 867 860 898 namque
881 858 925 888 his
947 857 1088 895 fulgentia
1109 856 1218 886 Divum

427 936 554 970 Limina,
576 938 606 964 et
625 933 755 971 ingentis
776 931 907 962 custodia
929 929 1039 961 credita
1062 928 1145 959 coeli.

429 1009 565 1039 Protinus
586 1009 699 1036 aeratos
720 1004 847 1043 impulso
868 1002 986 1032 cardine
1006 1003 1103 1040 postes

428 1081 504 1110 Cum
526 1078 636 1113 sonitu,
659 1083 827 1114 magnoque
850 1074 932 1113 polos
954 1076 1109 1112 quassante
1131 1072 1247 1109 fragore

426 1149 632 1190 Praepandnnt
653 1148 779 1178 obnixae
800 1145 943 1177 humeris.
969 1144 1055 1175 Volat
1076 1144 1125 1174 illa
1146 1151 1201 1182 per
1222 1152 1305 1173 auras

425 1222 555 1252 Obscura
576 1219 632 1250 sub
653 1221 738 1249 nocte
760 1217 870 1247 nitens:
895 1218 1048 1254 gratantur
1069 1214 1151 1245 eunti

427 1293 540 1324 Sidera:
561 1291 621 1329 jam
643 1290 728 1320 festas
749 1288 908 1319 meditatur
930 1287 1010 1317 Luna
1032 1285 1164 1316 choreas.

425 1360 581 1392 Exsultant
602 1358 727 1396 Hyades:
752 1355 860 1394 gaudet
881 1356 992 1385 mutata
1012 1353 1118 1383 Bootes

426 1429 556 1459 Plaustra
579 1434 661 1461 aure,
685 1427 821 1463 totosque
843 1430 914 1453 auro
936 1421 1052 1460 fulgere
1073 1421 1226 1451 Iuvencos.

427 1497 508 1526 Tunc
530 1494 661 1533 primum
682 1492 743 1523 visa
766 1494 819 1526 est,
843 1490 942 1520 miseri
965 1491 1030 1527 post
1051 1488 1105 1518 fala
1127 1487 1269 1526 parentis,

424 1565 531 1594 Risisse
552 1563 694 1600 Erigone,
718 1563 748 1590 et
768 1559 891 1597 longum
913 1558 1044 1597 posuisse
1066 1555 1211 1586 dolorem:

427 1632 608 1668 Armatoque
630 1628 707 1658 ensis
728 1626 902 1657 subducitur
924 1624 1037 1656 Orioni.

426 1698 464 1728 Ut
484 1704 557 1726 vero
578 1695 725 1726 umbrosis
746 1695 842 1732 posuit
863 1691 989 1730 vestigia
1010 1691 1101 1721 silvis:

427 1764 561 1794 Culmina
582 1761 751 1793 conscendit
773 1765 933 1800 pastorum3
957 1763 1043 1798 atque
1066 1757 1163 1788 omnia
1189 1756 1246 1786 late

426 1831 610 1862 Perlustrans
632 1829 723 1859 tacitis
745 1828 835 1859 oculis
857 1828 929 1863 loca,
952 1826 1082 1857 concutit
1104 1824 1159 1855 alas

426 1898 625 1938 Adplaudens:
649 1898 800 1936 pictosque
822 1896 902 1926 sinus
923 1896 977 1926 sub
999 1899 1086 1926 nocte
1107 1904 1274 1931 coruscans,

427 1966 554 1997 Subrisit
575 1965 695 1999 laetum.
718 1971 849 2002 puraque
871 1963 901 1993 in
920 1962 986 1992 luce
1007 1961 1132 1992 refulsit.

426 2034 517 2063 Primi
540 2033 617 2063 illam
640 2039 759 2062 sensere
780 2038 873 2061 canes:
898 2037 1018 2060 sensere
1040 2029 1168 2059 iacentes
